3000 4852
344 324 400 426 40

283 459 435 546 Verum
453 489 548 546 eum
567 458 719 546 assidue
732 457 843 571 Nigri
863 479 1040 575 rogarent
1058 456 1193 547 Ponti·

280 585 399 676 fieem
418 593 654 695 Summum,
673 612 719 672 ut
749 587 895 674 faveret
928 617 1019 674 sune
1044 583 1193 673 calami·

281 718 377 822 teti,
397 719 537 802 missus
556 740 613 800 est
632 715 804 830 denique
825 712 989 799 Carolus
1007 716 1090 826 ipse
1109 709 1192 799 Vu-

281 837 368 926 loeii
402 846 613 954 Princeps,
644 865 683 925 et
718 873 739 923 a
772 840 1000 926 Florentino
1034 834 1190 951 Populo

284 994 445 1085 propter
477 967 677 1058 Pontificio
709 971 943 1056 maiestatem
976 968 1193 1052 admissus.

286 1096 366 1182 Hic
386 1094 618 1211 pacificatis,
638 1118 683 1180 ut
703 1098 932 1204 videbatur,
951 1094 1130 1201 civibus,
1152 1093 1195 1175 iu

282 1224 423 1308 urbem
444 1225 638 1308 revocavit
661 1255 799 1308 omues
825 1224 984 1330 exules,
1003 1222 1193 1335 iussitque

282 1372 329 1432 ut
363 1381 456 1461 paee
491 1353 712 1460 viveretur,
755 1352 1102 1465 interminatusque
1135 1368 1193 1429 eet

284 1480 496 1563 Summum
510 1476 741 1566 Pontilieem
756 1482 794 1565 in
810 1513 875 1566 eos
889 1481 994 1567 cives
1009 1480 1192 1563 futurum

282 1607 588 1712 acerbissimum,
600 1612 667 1723 qui
682 1613 856 1725 quietem
879 1606 1192 1693 interturbubuut

281 1733 473 1820 civitatis.
494 1733 545 1820 At
567 1734 684 1848 paulo
718 1762 816 1849 post,
836 1739 889 1819 ob
909 1733 1107 1852 quandam
1130 1728 1192 1813 vel

283 1888 443 1968 veram,
464 1863 524 1945 vel
546 1862 760 1946 simulatam
782 1863 976 1947 Alborum
1002 1858 1195 1965 fraudem,

281 1986 436 2069 exulare
456 1990 565 2068 iussit
584 2018 741 2091 omues,
762 1989 830 2101 qui
854 1987 976 2069 Albos
994 2014 1076 2066 sese
1097 1982 1193 2066 sate·

280 2137 439 2227 rentur.
460 2113 657 2194 Fraudem
679 2138 806 2195 autem
828 2114 927 2198 hanc
947 2112 1101 2196 dicebat
1115 2111 1192 2195 Ca·

283 2235 414 2345 rolus,
446 2240 554 2355 quod
590 2239 749 2323 Nordus
782 2243 937 2347 Latini,
964 2237 1194 2346 Girardini‚

280 2389 319 2449 et
340 2366 542 2450 Bascberie
557 2367 780 2475 Famulus,
801 2393 839 2452 et
859 2368 1105 2454 Baldinacius
1120 2364 1193 2451 Ar·

283 2492 471 2580 (limatius
490 2491 580 2611 (r),
606 2497 770 2580 Petrum
803 2494 1099 2583 Ferdiuaudum
1132 2495 1191 2579 vi·

282 2898 351 2968 gnte
366 2886 498 2953 edizione
521 2884 571 2950 ‹lal
600 2901 702 2955 nostro
723 2889 853 2955 Antonio
877 2887 1061 2976 Cieciapnrei
1071 2930 1083 2966 ,
1097 2907 1115 2950 e
1129 2882 1192 2953 eorl
1217 2873 1230 2892 ’

281 2983 322 3051 ha
337 2988 395 3072 egli
410 2987 538 3070 ereguito
553 2989 601 3054 cib
615 3036 625 3067 ‚
639 2986 694 3052 che
710 3011 854 3075 promesee
867 3035 878 3068 ,
893 3011 910 3053 e
925 3009 984 3054 uon
998 2986 1061 3054 fece
1072 2986 1095 3052 il
1109 2985 1189 3054 cele·

277 3087 331 3153 bre
348 3091 405 3154 Ab.
419 3088 571 3156 Girolemo
586 3091 770 3161 Tarterotti.
787 3093 855 3156 Essa
870 3093 1003 3157 edizione
1017 3091 1047 3156 la
1062 3113 1123 3154 rese
1139 3088 1192 3176 pilu

279 3193 439 3279 pregiebile
453 3213 506 3277 per
517 3191 615 3256 uverle
626 3189 784 3258 arrieehita
799 3194 831 3256 di
843 3214 884 3256 uu
898 3196 998 3259 antico
1009 3193 1192 3279 rdgurizzn·

284 3307 386 3357 mento
401 3314 460 3357 nou
476 3296 534 3357 mai
550 3292 722 3381 pubblicum
746 3293 795 3357 del
820 3294 963 3359 Comento
989 3297 1020 3359 di
1046 3294 1123 3358 Diuo
1148 3289 1197 3358 del

291 3394 393 3460 Gerbo
407 3393 483 3457 nulla
498 3395 635 3462 Cauznue
649 3395 769 3460 Dorum
784 3399 829 3458 mi
840 3417 945 3485 pregu
961 3416 1007 3464 ec.

330 3496 379 3585 (1)
394 3496 408 3558 Ι
423 3494 489 3560 loro
500 3499 564 3562 veri
578 3499 716 3581 cognomi
730 3516 812 3562 sono:
827 3494 942 3562 Naldo
952 3499 990 3561 di
1000 3496 1192 3565 Merebat-

154 3639 156 3643 v
287 3601 356 3664 tino
371 3597 593 3679 Glrerardini,
609 3598 791 3669 Bascbiera
804 3596 897 3666 della
915 3596 1023 3680 Tusa,
1038 3623 1057 3668 e
1071 3597 1192 3668 Batti-

283 3702 397 3766 naceio
411 3699 567 3765 Adimam·
575 3740 584 3761 .
