3000 4852
287 590 440 679 Quamvis
454 570 632 675 Virgilius,
645 581 785 664 Duatas,
796 595 873 650 tuus
884 589 948 656 iste
959 587 1161 677 recedat(r).

253 686 413 777 Nomen
442 694 512 789 etsi
551 690 648 770 solet
666 720 754 803 esse
787 691 978 797 fortunae,
997 694 1036 773 in
1059 693 1161 774 Dan·

255 839 293 902 te
312 820 531 903 vendicavit
555 818 673 919 ratio,
707 839 747 932 et
780 817 911 900 multis
943 843 1002 902 est
1033 841 1163 900 aucto·

256 945 445 1028 ritatibus
464 946 722 1048 affirmatum,
743 967 787 1027 ut
808 943 912 1028 haud
930 946 1165 1030 convenien-

259 1075 338 1155 tius
380 1071 442 1154 vel
481 1070 547 1158 ille
585 1068 695 1153 Plato
732 1101 753 1152 a
793 1068 1166 1155 latitudinerdtcsus
1294 1146 1295 1149 a
1366 1052 1368 1055 V

264 1201 340 1304 sit,
361 1199 424 1282 vel
443 1197 709 1308 Hermogenes
728 1198 777 1281 ab
796 1199 1044 1314 eloquentia,
1065 1196 1167 1282 vela

184 1372 186 1376 v
264 1324 393 1410 laurea
421 1328 527 1436 virga
560 1325 775 1435 Virgilius,
807 1326 868 1409 vel
890 1327 940 1409 ab
961 1326 1171 1412 oculorum¹

170 1537 172 1541 .
269 1458 456 1540 coecitate
474 1453 700 1559 Homerus,
721 1453 782 1536 vel
803 1485 823 1535 a
845 1455 1044 1565 perforatis
1065 1455 1173 1565 pedi·

271 1581 345 1666 bus
379 1584 586 1694 Oedipus,
620 1580 683 1665 vel
704 1584 899 1728 quispiam
920 1584 1171 1696 antiquorum
1200 1593 1228 1624 “’

274 1709 371 1790 alius
413 1711 462 1791 ab
494 1704 580 1790 ullo
610 1737 701 1791 suae
737 1709 901 1792 virtutis
924 1735 1175 1818 argumento,

276 1866 394 1948 quam
417 1836 478 1921 lric
493 1839 671 1921 Dantesa
691 1835 830 1919 dandis
856 1836 1179 1952 quamplurimis,

268 1987 306 2044 et
340 1964 385 2059 iis
419 1965 583 2079 quidem
607 1964 823 2048 utilissimis
839 1964 964 2048 donis.
986 1963 1181 2047 Fortunae
1291 2049 1293 2054 .

280 2087 440 2173 suerunt
463 2090 555 2178 haec
575 2097 615 2177 in
638 2095 763 2176 Dante
784 2090 903 2174 bona:
925 2089 1027 2172 lilios
1048 2089 1182 2176 babuit

167 2241 169 2245 ·
282 2241 450 2333 quatuor
470 2222 643 2327 Petrum,
675 2217 888 2339 Iacobum,
921 2217 1135 2330 Aligerum,
1146 2243 1203 2305 et

218 2339 501 2489 Elyseum.
535 2332 650 2431 Peste
669 2368 761 2429 sunt
794 2375 968 2456 oppressi
958 2345 1128 2456 Aliger,
1142 2372 1185 2431 et
1208 2434 1213 2440 ,

218 2435 471 2582 Elyseus,
498 2503 589 2553 cum
609 2503 754 2556 anuum
775 2473 1061 2555 duodecimum
1079 2473 1187 2580 alter,
1268 2542 1270 2548 ι

288 2597 381 2680 alter
396 2622 488 2679 vero
502 2623 682 2682 netarum
696 2592 938 2714 prtigissent
961 2599 1121 2684 lacobus
1146 2631 1187 2682 o·
1212 2613 1216 2619 ’

288 2726 357 2809 biit
374 2727 516 2810 Romae
528 2722 599 2839 ¹per
613 2701 1001 2839 aeris'intemperiem
1016 2740 1107 2812 cum
1124 2726 1191 2814 illo

290 2855 487 2966 proiectus
508 2884 562 2939 est
584 2883 693 2967 pater
712 2843 840 2941 orator
858 2853 944 2971 (a).
966 2861 1102 2944 Petrus
1123 2889 1189 2940 au·

337 3320 671 3410 (r)‘Cosiusl'niargine
1147 3408 1148 3412 Ἰ

325 3422 449 3499 Dante,
462 3421 581 3513 perche
597 3421 744 3512 Virgilio
759 3434 794 3491 se
808 3449 849 3493 ne
863 3426 965 3507 vada.
1045 3427 1046 3430 ’
1178 3431 1180 3434 ’

340 3523 389 3612 (s)
400 3525 520 3604 Vnolsi,
536 3523 589 3590 ohe
605 3525 655 3612 qui
670 3525 701 3590 lo
716 3530 835 3593 scrittor
851 3542 951 3594 nostro
977 3524 1196 3603 abbia'errato,

297 3641 410 3691 mentre
422 3648 479 3691 con
494 3628 660 3692 documenti
676 3626 916 3710 irrefragabili
894 3653 918 3693 ει
944 3631 960 3692 ὲ
983 3632 1116 3702 trorato,
1141 3625 1198 3691 ohe

303 3727 351 3789 nel
371 3726 462 3811 1342.
489 3750 537 3793 era
563 3748 617 3814 pur
640 3726 733 3790 auehe
758 3730 849 3805 viro,
864 3727 961 3794 eolre
987 3749 1070 3804 esso,
1099 3749 1115 3788 e
1142 3747 1201 3790 non

306 3826 414 3916 lacopo
430 3833 530 3916 nipote
545 3831 576 3894 di
592 3829 710 3921 Dente,
714 3847 808 3894 come
823 3828 874 3917 qui
889 3843 968 3896 sotto
983 3839 1201 3894 errouetments

876 4039 879 4046 .
950 3939 974 4020 5
