3000 4852
1057 392 1138 479 135

281 528 416 610 Divina
448 520 686 614 Gemmedie‘,
709 553 771 630 par
787 528 972 623 credibile,
988 524 1054 604 che
1075 482 1139 630 per
1155 531 1208 603 di-

285 656 446 720 sternere
465 645 480 718 i
504 644 644 744 petenti
662 641 709 716 de
726 641 756 714 si
775 644 937 744 malvage
952 645 1135 746 iniquia,
1166 669 1212 715 ne

284 756 416 832 feeeeee
437 769 768 860 opportunemente
796 759 987 832 menzione
1016 761 1056 831 in
1086 769 1210 854 questo

284 869 413 963 canto,
429 873 469 945 in
486 873 543 963 cui
561 872 593 942 si
610 895 713 944 nerra
728 868 762 943 la
774 873 966 971 punitione
978 869 1035 943 de'
1048 868 1214 968 traditori
1387 881 1389 884 ’

178 1078 181 1082 ⁴
284 980 342 1056 de'
355 981 411 1055 lor
426 983 616 1080 congiunti
628 1038 643 1069 ,
660 1006 680 1053 e
697 979 936 1076 benefattori,
968 981 1214 1056 nulle-euran-

285 1091 333 1166 do
344 1148 357 1184 ‚
387 1093 455 1168 che
471 1093 603 1168 Meeser
619 1093 755 1168 Branee
774 1096 863 1168 sesso
889 1119 951 1197 per
978 1118 1067 1168 anco
1095 1082 1204 1181 vivo,

260 1300 262 1306 .
286 1198 369 1280 enti
388 1206 593 1284 servandosi
613 1211 932 1306 ingegnoeemente
947 1208 986 1280 di
1003 1219 1129 1307 questa
1146 1208 1214 1277 eie-

295 1331 459 1392 cestenze
488 1342 552 1418 per
579 1323 863 1416 maggiormente
886 1319 1016 1392 render
1043 1339 1151 1415 greve
1180 1316 1213 1387 le

295 1453 389 1529 pene
404 1429 539 1506 dotute
557 1455 577 1503 a
595 1425 625 1501 si
643 1429 732 1502 fatte
749 1430 1005 1504 stelleratezze.
1023 1428 1080 1502 Ma
1101 1425 1128 1499 il
1148 1426 1213 1498 Fo-

291 1538 416 1640 gliette
437 1539 498 1613 nel
515 1564 578 1614 suo
594 1541 711 1639 elegio
722 1541 760 1613 di
774 1542 821 1614 M.
835 1542 974 1617 Brunca
988 1538 1142 1614 volendo
1161 1563 1219 1609 *oc-

291 1648 430 1727 'eultare
448 1653 476 1727 it
494 1656 713 1730 tradimento
726 1655 770 1728 da
784 1655 837 1727 lui
850 1678 1060 1744 commesso,
1077 1674 1097 1724 e
1112 1677 1210 1723 revo-

242 1832 244 1837 ,
286 1786 367 1836 cere
383 1767 424 1838 in
441 1763 577 1838 dubbio
603 1766 635 1838 la
662 1769 960 1857 testimoniam,
977 1791 997 1838 e
1015 1765 1041 1839 l'
1053 1770 1206 1837 autorite

288 1875 327 1948 di
361 1879 479 1951 Dante
512 1877 550 1951 di
584 1904 662 1952 eeeo
685 1894 987 1980 contemporaneo
1016 1881 1121 1966 dice,
1140 1879 1206 1949 che

290 1987 408 2063 Dante
425 2016 488 2091 per
518 2005 644 2066 nature
662 1996 750 2066 essai
776 1991 953 2065 maledieo
977 1993 1106 2065 ediava
1127 1990 1213 2061 Mes.

286 2099 424 2175 Branca
438 2157 450 2196 ‚
468 2128 488 2176 e
504 2108 829 2183 incessentemente
847 2104 882 2180 lo
898 2104 1070 2179 lacerata.
1084 2105 1214 2175 Proie-

286 2225 369 2288 etee
385 2219 540 2315 linguae
563 2219 738 2293 libertate
754 2219 923 2311 abutens,
938 2242 1012 2319 que
1025 2231 1210 2319 perpetuo

288 2323 410 2398 morbo
427 2327 635 2415 laboravit,
663 2333 710 2402 de
727 2330 899 2404 Braneae
916 2335 1077 2418 nomine,
1093 2345 1130 2400 et
1139 2328 1206 2426 fa-

285 2462 357 2530 ma,
376 2461 485 2536 quem
503 2443 623 2511 neseio
642 2464 718 2538 qua
731 2442 902 2514 decanea
919 2443 1063 2528 oderat,
1082 2441 1207 2521 detra·

283 2547 373 2622 here
390 2573 466 2652 nen
488 2548 697 2621 desistebat.
711 2552 761 2653 La
775 2551 859 2650 quai
877 2576 956 2623 cosa
972 2551 1047 2623 mal
1060 2549 1211 2621 soffren-

281 2662 329 2734 do
347 2660 396 2735 M.
412 2661 564 2753 Branca,
583 2685 650 2762 per
661 2682 783 2735 mezzo
807 2663 864 2735 de'
876 2666 951 2734 suoi
983 2661 1143 2736 ederenti
1175 2663 1211 2734 lo

280 2771 358 2847 fece
373 2773 669 2875 pubblicamente
686 2773 1079 2850 bastonarez'Braneae
1094 2781 1213 2850 elien·
1302 2792 1306 2797 ·

277 2898 336 2958 tes
355 2937 363 2956 .
385 2887 616 2963 ..hominem
633 2887 830 2986 inpublieo
843 2888 1114 2990 deprehensum
1134 2892 1215 2961 'me-

279 3000 317 3070 le
337 3004 610 3074 multarunt:E
623 3005 825 3100 eoggiunge,
841 3001 908 3076 ehe
924 3005 1042 3075 Dente
1055 2999 1131 3074 cosi
1152 3004 1208 3074 in·

279 3105 385 3181 ferior
401 3109 441 3183 di
458 3125 609 3210 potenza
628 3139 646 3184 a
664 3113 824 3204 Beence,
841 3138 913 3188 non
927 3115 1084 3214 petendo
1101 3115 1202 3187 altei-

279 3225 422 3314 menti,
451 3225 508 3298 col
525 3251 587 3300 suo
611 3219 755 3301 satirico
772 3228 865 3302 ¹stile
897 3227 1101 3329 ponendolo
1131 3229 1208 3302 nel·
1280 3253 1284 3268 ’

217 3388 219 3393 «
278 3331 473 3428 l'Inferno,
494 3351 633 3411 mentre
652 3365 780 3413 ancora
798 3367 857 3414 era
873 3343 914 3414 in
932 3341 1021 3432 vite,
1048 3340 1204 3415 vendieti
1316 3348 1319 3353 '

276 3459 399 3542 queste
420 3450 584 3546 ingiuria.
611 3450 733 3526 Niuno
749 3453 845 3552 degli
863 3444 1021 3527 scrittori
1033 3451 1129 3526 della
1147 3456 1201 3525 vi·

278 3558 363 3629 tadi
378 3560 494 3632 Dente
507 3586 610 3636 nerra
629 3577 753 3663 questo
767 3567 868 3656 fatto,
884 3564 1138 3640 comineiendo
1150 3565 1197 3636 de

276 3668 324 3741 tt.
342 3669 423 3746 Gio.
446 3673 637 3750 Beceaccio
654 3680 691 3754 di
709 3679 797 3752 tutti
822 3678 851 3751 11
881 3681 1052 3780 primiere
1065 3731 1078 3773 ,
1090 3701 1110 3750 e
1122 3700 1205 3776 que·
