3000 4852
345 357 376 442 8

275 495 377 578 Sunt
396 497 500 579 euim
528 523 593 578 eae
615 493 756 579 domur
789 490 881 576 iilus-
904 515 1034 577 eontra
1062 557 1074 591 ‚
1095 522 1197 608 queo

277 621 636 735 Steehetti-geueris
654 644 772 727 sunt,
791 619 861 705 alia
882 648 976 705 vero
993 617 1119 706 fronte
1141 644 1182 707 et

227 851 230 856 ,
280 745 586 836 Donatorumet
604 747 878 836 Giuochorum
896 747 1098 858 imperant.
1121 745 1196 831 tio·

283 874 439 964 mibut.
474 877 529 964 Vt
561 875 791 987 uolent-per
829 872 1122 959 multitudinem
1143 874 1193 958 ab

284 1025 367 1086 uuo
385 1000 545 1114 profecti
565 1033 704 1114 genere
721 1002 762 1086 iu
784 1002 924 1086 multas
953 1000 1113 1086 familias
1132 1031 1191 1085 ee·

286 1130 423 1238 pareri,
442 1129 558 1233 alies,
577 1129 746 1247 aliasque
767 1127 937 1213 incolere
956 1130 1121 1235 domos,
1142 1130 1195 1214 ite

263 1245 376 1366 'port
393 1253 532 1368 Elymi
563 1259 847 1341 successionem
867 1256 916 1340 eb
936 1255 1012 1340 illis
1030 1278 1090 1340 est
1114 1255 1201 1340 effe·
1226 1286 1229 1291 ·

290 1401 425 1489 ctum,
457 1383 527 1499 qui
559 1381 608 1467 ab
640 1381 794 1494 Aligero
825 1380 906 1466 neti
944 1407 1058 1468 eunt.
1092 1382 1195 1492 Qui·

290 1499 387 1593 libet
407 1512 575 1595 maximo
600 1511 729 1595 animo
749 1510 809 1593 vir
828 1508 976 1594 mavult
1008 1511 1196 1621 imperare

144 1684 150 1695 ·
290 1660 411 1747 quem
432 1667 578 1750 perere,
597 1636 747 1722 mavult
766 1668 857 1723 suae
879 1638 1089 1751 posteritati
1116 1666 1199 1719 esse

218 1754 222 1766 ’
293 1790 521 1851 ornamento
556 1798 601 1853 ao
634 1768 809 1871 numiui,
845 1797 964 1883 quam
1006 1769 1199 1851 maiorum

292 1915 456 1974 suorum
475 1915 514 1974 et
535 1893 683 1975 nomini
703 1893 846 1974 servire
866 1915 903 1974 et
925 1891 1044 1975 laudi.
1064 1892 1201 2005 ltaque

297 2043 414 2098 nemo
433 2039 511 2100 tam
544 2016 688 2100 celebri
724 2040 830 2126 patre
863 2018 1125 2126 imperatore,
1153 2045 1199 2100 ac

296 2167 386 2251 rege
405 2164 634 2248 metueret,
654 2143 724 2257 qui
744 2172 813 2224 sua
834 2143 976 2251 virture
989 2136 1200 2254 amplifica·

236 2336 239 2340 ,
296 2271 1200 2383 reimperium‚eugerequeuoncurerreguum.

297 2623 328 2692 le
343 2627 504 2694 memoria.
516 2625 541 2692 E
555 2626 597 2693 ivi
610 2626 812 2699 ilmederimo
824 2647 843 2694 a
856 2643 934 2719 pag.
947 2617 1000 2716 74
1014 2640 1123 2700 narra,
1147 2615 1203 2687 che
1290 2709 1293 2715 Ι

299 2729 422 2798 eruendo
437 2730 465 2792 ai
480 2730 542 2793 ruui
568 2728 599 2793 di
621 2746 731 2800 veruto
745 2734 803 2821 qui
818 2732 857 2796 da
871 2729 987 2793 Verona
1004 2722 1156 2789 Leonardo
1171 2721 1204 2786 di

176 2838 178 2843 ’
297 2827 394 2892 Dente
408 2830 441 2894 di
452 2830 535 2893 Piero
548 2829 579 2893 di
594 2830 689 2896 Dante
703 2830 830 2921 (poete),
845 2828 890 2892 mi
904 2848 1001 2891 venne
1015 2843 1037 2886 a
1053 2823 1200 2898 visitare,

250 2930 255 2941 '
301 2946 391 2995 come
403 2930 508 2993 amico
521 2926 613 2992 della
627 2934 783 2996 memoria
798 2928 854 2996 del
869 2949 928 2991 suo
943 2946 1065 3016 proavo
1081 2920 1203 2989 Dante.

302 3025 335 3091 Ε
348 3029 381 3095 ἰο
395 3028 423 3095 lt'
436 3028 574 3094 mortrui
588 3027 620 3092 le
634 3050 710 3097 case
724 3032 761 3096 di
775 3032 909 3106 Dante,
925 3052 943 3095 e
957 3025 1008 3092 de’
1021 3023 1093 3088 suoi
1116 3021 1208 3088 anti-

310 3129 380 3215 etr}
395 3154 415 3200 e
429 3131 536 3223 dieglt‘
543 3130 720 3197 notIzia'di
733 3132 834 3199 molte'
841 3154 915 3198 cose
929 3153 950 3195 a
965 3128 1014 3193 lui
1027 3118 1190 3217 incoguire
1198 3170 1210 3203 ,

298 3255 359 3323 per
372 3239 493 3301 essersr‘
507 3247 659 3299 strenato
674 3233 734 3311 tui,
749 3257 768 3299 e
781 3236 795 3296 i
808 3237 881 3299 suoi
895 3231 995 3297 dalla
1007 3232 1142 3318 patria.
1160 3230 1202 3293 Or

306 3338 424 3425 dunque
438 3336 488 3402 chi
503 3337 586 3414 dice,
597 3333 654 3403 che
667 3334 697 3400 le
711 3356 778 3400 eura
794 3355 846 3400 tua
862 3336 893 3398 di
908 3334 1075 3399 uhitazioue
1090 3329 1164 3396 forte
1178 3332 1211 3394 in

303 3437 378 3506 tulit
392 3440 536 3525 pitezettu
546 3440 630 3524 quasi
640 3436 695 3504 che
704 3438 736 3502 di
747 3433 846 3501 fronte
860 3434 921 3500 alla
932 3433 1037 3500 Chieta
1051 3431 1211 3499 difflar-

228 3532 232 3539 ’
304 3541 381 3616 tino,
391 3534 460 3602 vele
471 3557 489 3601 a
502 3537 565 3600 dire
579 3537 630 3603 ali
641 3548 766 3626 opporto
779 3537 811 3600 di
821 3534 888 3623 quel
901 3533 979 3600 ch'e'
991 3530 1089 3599 diueii
1103 3530 1205 3610 Bruui,

220 3656 228 3669 ·
302 3642 344 3725 gii
358 3637 388 3705 [a
401 3639 499 3726 duop'o
507 3659 668 3726 provere,e
678 3641 744 3704 ruri
756 3658 824 3704 cora
838 3641 912 3703 assai
927 3622 1061 3711 difficile,
1071 3628 1127 3696 che
1146 3653 1208 3699 etta

303 3738 409 3810 cuim
422 3740 466 3810 tit
479 3749 559 3808 ttttt
570 3740 654 3830 dopo
666 3739 696 3808 lt
711 3728 805 3811 morte
818 3737 870 3808 del
883 3735 973 3829 Bruui
986 3731 1200 3823 epotatura.
