3000 4852
1086 425 1133 509 ¹7

286 505 371 607 tum
393 514 548 638 pedites
562 516 787 639 superavit,
809 557 980 643 quorum
995 528 1059 614 alii
1082 535 1197 618 mini·

283 676 347 731 me
378 652 461 736 aliis
483 677 661 766 poterant
682 683 763 736 esse
778 655 966 742 subsidio.
980 657 1093 743 Hanc
1107 662 1195 776 qni·

282 776 374 862 dem
394 805 433 865 et
455 811 625 894 pugnam
658 805 697 866 et
731 784 932 866 victoriam
955 789 1089 868 recitat
1109 789 1192 899 ipse

278 905 425 991 Danaes
438 940 505 992 suu
520 908 690 1024 quadam
708 909 880 1021 epistola,
895 909 1141 1029 declaratque
1152 945 1194 999 se

278 1032 368 1117 iisce
389 1036 608 1120 interfuisse
623 1067 667 1118 ae
683 1037 892 1148 praefuisse
913 1039 1043 1146 rebus,
1063 1042 1191 1153 expri-

276 1163 427 1278 mitque
449 1194 612 1247 omnem
632 1165 715 1245 eius
739 1165 871 1276 praelii
899 1166 1077 1250 ordinem
1099 1166 1117 1283 (
1147 1168 1190 1284 ).

277 1289 377 1376 Nam
394 1317 502 1375 tanto
513 1291 913 1410 fuitacerbius‚atqne
923 1297 1039 1405 magis
1052 1326 1191 1380 ernen-

278 1437 360 1499 tnm
377 1418 527 1501 bellum
544 1417 642 1500 illud
660 1485 671 1524 ‚
698 1419 808 1534 quod
821 1445 860 1503 et
874 1422 1062 1526 obertus,
1077 1425 1189 1508 Lam·

278 1545 425 1657 bertus,
446 1547 548 1632 Abas
567 1545 654 1664 (α),
675 1573 712 1630 et
732 1546 867 1631 omnes
886 1549 1099 1633 Florentini
1123 1581 1211 1661 per.

282 1672 324 1754 id
338 1678 521 1786 temporis
534 1677 665 1760 exules
680 1705 771 1759 cum
779 1673 945 1760 Aretinis
959 1677 1186 1784 sentiebant,

283 1799 323 1880 in
357 1831 492 1886 eorum
525 1805 692 1911 odium,
712 1807 780 1918 qni
811 1804 1081 1887 Florentinum
1115 1790 1189 1888 sta·

282 1951 366 2011 tum
388 1932 676 2040 gubernabant,
696 1957 734 2014 et
755 1962 887 2014 rursus
908 1932 1033 2014 oannis
1060 1930 1187 2017 Areti-

282 2084 421 2140 norum
437 2059 664 2166 multitudo‚
679 2050 1188 2172 populns‚optimates,Gel·

214 2205 222 2225 ⁴
280 2185 460 2300 pbi,qui
476 2189 680 2272 exulabant
695 2220 785 2271 cum
803 2188 1037 2269 Florentinis
1062 2221 1187 2274 seuse-
1229 2214 1231 2218 ‘

283 2312 405 2432 rem).
419 2316 526 2402 Haec
540 2343 596 2400 est
610 2317 828 2401 communis
842 2317 1020 2399 omnium
1035 2317 1187 2404 calami·

319 2741 333 2828 (
339 2738 367 2822 r)
382 2739 466 2802 Gran
480 2739 578 2802 danao
594 2736 614 2800 l’
627 2736 728 2799 esserti
758 2737 891 2798 smarrita
922 2739 1023 2820 questa
1052 2732 1181 2797 lettera!

280 2841 435 2903 Arremmo
450 2862 501 2926 per
519 2857 619 2901 mezzo
633 2838 664 2899 di
679 2854 741 2897 essa
765 2835 874 2898 sentito
902 2834 1001 2920 parlar
1031 2833 1053 2898 il
1083 2845 1183 2898 nostro

276 2943 529 3024 coraggiosissimo
543 2940 713 3022 guerriero,
727 2959 742 2998 e
758 2946 846 3024 poeta
862 2934 891 3000 d’
904 2942 992 3015 armi,
1006 2960 1022 2999 e
1038 2937 1183 3024 capitani,

277 3040 337 3103 edi
353 3042 473 3104 militari
490 3039 726 3119 strattagemmi.

317 3139 368 3224 (a)
383 3141 435 3204 Gli
450 3141 554 3204 Vberti
563 3183 573 3214 ,
589 3141 600 3200 i
616 3138 786 3217 Lamberti,
800 3161 816 3202 e
831 3135 873 3221 gli
888 3137 978 3200 Abati
993 3133 1044 3220 qul
1059 3134 1110 3197 dal
1125 3153 1181 3197 no-

277 3249 339 3301 stro
354 3243 488 3303 scrittore
504 3237 679 3303 malamente
695 3241 818 3326 espressi
830 3284 839 3312 ,
853 3259 944 3301 erano
959 3234 1036 3299 delle
1063 3233 1116 3321 piis
1136 3255 1185 3296 re·
1231 3277 1233 3279 ·

280 3355 382 3417 mole,
397 3364 412 3403 e
429 3340 607 3406 nobilissime
622 3337 752 3422 famiglie
768 3342 798 3404 di
814 3342 953 3404 Firenze.

305 3440 372 3530 (3)
388 3442 417 3504 Si
434 3441 521 3504 trovb
536 3463 606 3528 pure
621 3440 643 3504 il
659 3455 761 3505 nostro
783 3443 872 3506 Poeta
899 3437 970 3501 nell’
984 3459 1063 3500 anno
1087 3438 1187 3524 dopo,

281 3545 366 3618 ciol',
383 3543 431 3604 nel
450 3562 544 3628 1290.
560 3542 608 3604 nel
624 3564 700 3605 mese
726 3547 757 3607 di
785 3548 914 3623 Agnae,
939 3540 998 3604 alla
1019 3540 1186 3628 spedirione

281 3642 354 3706 farta
370 3645 419 3706 dai
436 3622 645 3706 Luccheslcon
661 3641 771 3708 l'aiuto
787 3643 834 3706 dei
850 3642 1013 3706 Fiorentini
1022 3687 1032 3718 ,
1063 3662 1079 3701 e
1106 3639 1186 3719 degli

280 3746 348 3810 altri
363 3745 426 3814 loro
442 3745 582 3827 collegati
597 3757 700 3811 contro
715 3749 725 3810 i
742 3748 839 3810 Pisani
853 3791 863 3822 ,
877 3742 956 3809 nella
973 3745 1058 3832 quale
1084 3743 1184 3828 spedi-

933 3884 955 3935 2
