3000 4852
707 334 723 427 ,ἑ

452 427 527 482 roo

388 554 428 616 et
447 535 647 620 doctrinae
674 526 1011 642 magnitudinem,
1043 533 1198 648 quis-eo
1218 531 1294 617 t‘uit

388 661 544 774 ingenio
559 662 810 777 praestantior
825 725 836 763 ,
857 659 946 774 quis
959 658 1134 743 doctrina
1145 661 1292 744 maior?

387 790 442 874 Et
465 792 680 877 rhetoricen
702 790 840 893 tenuit,
854 817 1094 904 quamquam
1107 785 1295 873 elocutio·

386 946 436 999 ne
455 917 529 1002 suit
555 949 625 1032 per
644 943 868 1029 temporum
889 915 1155 1000 conditionem
1175 917 1300 998 mino·

389 1075 444 1152 re,
466 1051 781 1159 pronuntiatione
795 1047 969 1157 optima,
988 1047 1120 1151 vocis,
1141 1042 1300 1146 vultus,

386 1199 594 1291 gestusque
608 1175 873 1258 moderatione
900 1172 1136 1280 incredibili,
1152 1188 1299 1256 memo·

385 1305 439 1384 ria
469 1303 666 1407 inaudita,
699 1303 922 1386 inventione
949 1301 1219 1407 subtilissima,
1252 1325 1291 1384 et

386 1422 553 1516 maxime
574 1433 761 1548 exquisita
777 1429 1034 1543 3disponebat
1051 1454 1184 1515 antem
1198 1458 1300 1545 quae

386 1560 588 1643 invenerat
602 1562 668 1665 ita,
682 1584 726 1642 ut
740 1562 824 1642 eius
839 1591 907 1642 ore
921 1625 932 1665 ‚
945 1558 1055 1676 quod
1069 1558 1119 1643 de
1134 1557 1299 1645 Nestore

383 1685 695 1794 dixitHomerus‚
707 1686 822 1770 melle
835 1686 1129 1803 dulciororatio
1142 1686 1295 1771 flueret.

382 1815 440 1897 Et
461 1840 655 1925 geometra
670 1815 718 1898 ad
737 1816 829 1898 baec
848 1841 942 1921 orat,
962 1842 1001 1902 et
1014 1815 1293 1916 arithmeticus,

383 1964 422 2024 et
443 1945 591 2027 musica
617 1944 867 2027 consonantia
887 1943 1154 2029 delectabatur
1181 1941 1296 2024 vebe·

386 2094 561 2166 menter,
589 2093 627 2151 et
647 2091 892 2150 astronomus
913 2068 988 2151 suit
1015 2099 1095 2150 non
1117 2069 1297 2180 vulgaris3

386 2196 507 2280 multa
521 2198 627 2280 enim
642 2192 1153 2306 praedixitFlorentiuorum
1164 2197 1295 2299 lata,et

295 2382 301 2389 -
384 2324 511 2407 ltaliae
526 2306 639 2427 bella,
652 2325 913 2438 Statuumqne
934 2324 1297 2409 mutationes.Nun·

387 2485 505 2569 quam
528 2477 658 2535 antem
680 2453 761 2533 siue
789 2450 925 2563 barum
946 2449 1170 2536 facultatum
1195 2460 1294 2566 peri-

389 2587 440 2667 tia
470 2583 655 2694 pntuisset
677 2579 726 2661 de
754 2609 967 2690 corporum
996 2580 1234 2688 coelestium,
1258 2612 1296 2667 et
1377 2653 1379 2657 ,

387 2741 565 2813 numero,
580 2732 618 2789 et
634 2707 786 2811 ordine,
800 2705 987 2816 ecligma,
1000 2732 1038 2789 et
1059 2712 1230 2812 essentia,
1250 2736 1290 2794 et

388 2861 589 2950 potestate,
597 2857 633 2916 et
650 2836 862 2916 mutatione
879 2837 1114 2919 mentionem
1126 2831 1296 2946 efficere,

390 3271 517 3344 ceptnre
532 3282 591 3325 suo
606 3260 640 3321 in
656 3258 772 3320 ceteris
793 3255 936 3319 omnibus
952 3258 1150 3323 vinceretur.
1166 3253 1212 3316 Vn
1228 3251 1298 3315 bel·-

387 3356 500 3424 lissimo
516 3359 657 3447 parallelo
673 3372 718 3421 tra
735 3359 849 3433 Dante,
865 3357 902 3419 ed
917 3357 1024 3442 Quaero
1038 3354 1069 3422 sn
1086 3356 1211 3426 recitato
1236 3351 1296 3436 agli

395 3481 443 3524 rr.
461 3462 535 3528 Sett.
553 3464 644 3549 1827.
658 3458 890 3525 nell’lldunanza
901 3457 1018 3523 solenne
1034 3457 1103 3521 dell‘
1118 3455 1292 3527 Accademia

385 3560 463 3625 della
480 3563 586 3628 (Irusca
602 3561 650 3627 dal
674 3559 729 3625 Cb.
757 3561 815 3642 Sig.
839 3556 914 3627 Prot
930 3560 1026 3624 Pietrn
1043 3558 1186 3641 bagnoli,
1201 3578 1217 3617 c
1232 3552 1291 3616 tale

389 3663 525 3727 incontra
539 3664 597 3743 egli
612 3662 697 3738 ebbe,
708 3660 762 3727 che
778 3661 799 3727 ll
816 3660 957 3727 Pubblico
971 3657 1012 3724 fin
1028 3662 1064 3724 da
1081 3655 1171 3746 qnell’
1184 3658 1291 3718 istante

388 3764 412 3824 si
426 3762 567 3825 dimostrb
584 3761 712 3844 rnglioso
727 3764 757 3826 di
772 3762 872 3828 averlo
887 3760 1068 3835 sott'ocehio
1083 3764 1113 3824 in
1130 3771 1241 3844 stampe
1255 3804 1267 3833 ,¹
