3000 4852
289 441 367 540 Ego
384 432 590 511 Alexander
606 435 769 527 Paccius,
788 298 1214 528 Gulielmiflliusldlem
1245 378 1254 390 Ι

340 549 560 626 humillime
577 550 692 622 etiam
710 559 816 647 atque
831 553 942 626 eciem
959 562 1064 651 peto.

290 660 808 766 Egoiecohusllotdusidom
835 690 856 738 a
883 665 918 738 S.
941 666 988 742 V.
1017 661 1209 739 humiliter
1322 673 1324 677 ’

284 775 677 989 Egdelllllolomaeus
693 885 905 965 Cerretanus
936 887 1035 968 idem
1060 875 1211 964 hulnili·

334 1013 391 1074 ter
410 1003 578 1101 deposco.

283 1110 360 1214 Ego
377 1112 526 1188 lacobus
543 1109 722 1187 Modestus
738 1111 868 1185 Doctor
885 1110 984 1187 idem
1012 1100 1205 1187 humiliter
1337 1165 1340 1170 «

329 1225 501 1327 supplico
515 1280 527 1318 ,
545 1250 586 1297 ac
602 1223 772 1323 deposco.

281 1335 327 1413 lo
352 1337 629 1436 Michelagnolo
665 1333 866 1411 Schultore
897 1338 927 1408 il
954 1335 1151 1410 mcdcsimo
1193 1363 1216 1408 α

330 1450 377 1527 V
371 1464 474 1523 ostra
503 1448 655 1521 Samos
684 1454 876 1548 supplico,
906 1446 1149 1548 offerendomi
1178 1451 1217 1519 al

333 1559 452 1636 Dicin
470 1561 591 1637 Poeta
598 1557 692 1658 sare
705 1563 743 1632 la
755 1558 962 1659 Sepultura
973 1583 1042 1632 sua
1054 1557 1211 1632 chande-

327 1689 457 1766 oente,
473 1697 493 1748 c
510 1684 551 1746 in
570 1679 649 1746 loco
674 1678 864 1747 onorcvole
884 1676 925 1745 in
940 1686 1074 1772 questa
1090 1672 1198 1745 cittd.

184 1840 188 1849 .
285 1783 362 1884 Ego
377 1786 580 1862 Lodovicus
597 1785 828 1861 Alamannos
851 1785 949 1860 idem
983 1783 1215 1859 humiliora

336 1898 371 1969 S.
389 1899 438 1973 V.
453 1900 627 2000 deposco.

283 2007 361 2109 Ego
376 2009 505 2084 Petrus
522 2009 732 2084 Franciscos
747 2009 970 2084 Portinarius
990 2007 1090 2082 idem
1119 2033 1139 2080 a
1180 2007 1218 2080 S.

334 2123 380 2194 V.
399 2121 591 2197 humiliter
606 2124 779 2222 deposco.
1119 2135 1121 2139 ’

284 2230 361 2330 Ego
379 2235 532 2308 Ioannes
562 2232 708 2307 Cursius
737 2232 834 2306 idem
852 2260 872 2306 a
890 2233 927 2308 S.
947 2233 994 2308 V.
1025 2229 1214 2304 humiliter

329 2345 373 2416 de
400 2371 503 2418 osco.
830 2353 833 2361 ’

281 2457 360 2554 Ego
376 2373 583 2555 llipboncos
603 2456 722 2546 Stroze
740 2455 837 2527 idem
855 2480 873 2527 o
892 2454 927 2526 S.
948 2456 995 2529 V.
1018 2454 1208 2528 humiliter

328 2569 372 2641 de
400 2591 500 2640 osco.

282 2681 357 2780 Ego
375 2595 500 2752 l’etrus
530 2675 715 2749 Marcellus
745 2676 843 2749 idem
862 2703 880 2749 a
898 2679 944 2755 V.
963 2677 998 2749 S.
1018 2675 1209 2750 humiliter

330 2795 502 2894 deposco.

278 2902 352 2999 Ego
378 2901 546 2976 Gecotius
569 2902 612 2978 de
636 2901 784 2977 Medicis
807 2899 906 2975 idem
930 2898 1120 2976 humiliter
1146 2899 1206 2972 de·

334 3037 449 3112 posco.

174 3141 176 3144 ’
279 3125 355 3224 Ego
371 3124 545 3198 Robectus
563 3125 764 3201 Accisioius
793 3127 890 3200 idem
921 3124 1108 3201 humiliter
1127 3150 1147 3197 a
1166 3126 1200 3197 S.

326 3240 373 3311 V.
392 3239 563 3339 deposco.

326 3348 394 3422 Sed
407 3351 478 3422 iam
495 3352 703 3425 nominibus
716 3352 1016 3426 Academicorum
1031 3350 1202 3425 faciamus

276 3460 556 3563 modumzquae
587 3466 658 3538 nisi
693 3493 712 3538 a
744 3466 846 3540 nobis
878 3464 1042 3541 consulto
1071 3467 1200 3539 reiecta
