3000 4852
285 577 331 631 sx
353 552 471 634 Petro
492 576 586 630 vero*
603 539 868 632 iureconsulto
894 568 979 654 post
1000 545 1204 640 lsenbnmf

286 702 400 762 natus
432 701 488 759 est
508 675 601 759 alter
634 677 781 759 Dentes
800 672 1191 787 oberimeninrism

282 811 338 891 sie
355 838 383 889 s
406 809 517 889 Par-re
538 803 800 904 nominem,-
815 803 884 913 qui
914 827 952 889 et
973 806 1192 921 siris·opti··
1281 817 1283 820 ‘

282 964 368 1017 mus
388 931 485 1035 fuit,
514 956 559 1015 et
580 931 638 1013 vir
658 925 818 1010 deditus
847 927 1100 1018 familiaribus
1121 966 1189 1019 ne·

279 1047 402 1170 getiis.
431 1062 501 1144 Ex
533 1061 661 1143 Dante
682 1055 756 1140 hoe
790 1058 967 1143 serundo
986 1086 1099 1146 natus
1130 1088 1194 1149 est
1224 1138 1226 1145 ,

278 1185 507 1271 beonardns
527 1188 589 1281 vir¹
600 1183 885 1295 integerrimus,
905 1216 1025 1300 quem
1046 1220 1087 1272 se·
1106 1219 1190 1280 me·;

275 1315 387 1398 misit
406 1312 640 1399 Lennsrdns
657 1314 846 1398 Aretinus
860 1314 1004 1396 vidisse
1019 1316 1198 1400 Floren·-.

277 1445 352 1527 tiae
371 1442 451 1559 (r),
470 1456 553 1557 qun
574 1441 771 1554 profectus
790 1466 845 1526 est
875 1443 1054 1527 visendae
1075 1445 1194 1532 erbis

274 1571 464 1681 gretia‚sd
477 1600 598 1687 seque
613 1595 813 1686 tamquam
828 1570 876 1664 ad
892 1573 1086 1683 proavitae
1102 1605 1184 1656 me·

274 1699 417 1782 moriae
433 1700 730 1783 :amicissimum
770 1697 999 1806 devenisse,
1043 1733 1079 1790 a,
1096 1731 1184 1816 qun

273 1825 395 1909 multa
411 1812 501 1908 snae
515 1824 766 1938 antiquitatis,
776 1828 1054 1939 maiorumque
1075 1828 1179 1910 didi·

272 1955 372 2034 cerit
386 1977 626 2056 ornamenta,
647 1950 825 2065 quae-illi
847 1951 1007 2035 luissent
1027 1953 1181 2038 idcirco

267 2080 492 2187 incognita,
519 2077 629 2188 quod
650 2078 727 2157 iam
748 2073 903 2160 dudum
937 2077 1026 2162 elias
1058 2082 1183 2165 urbes

270 2204 492 2286 incaluisset
513 2201 654 2286 familis
670 2203 817 2298 Dentis.
833 2208 991 2288 Venisse
1013 2236 1104 2290 vero
1118 2209 1181 2290 di·

267 2340 320 2420 xit
332 2365 429 2433 eum
447 2333 516 2415 illo
530 2332 665 2418 multis
686 2335 940 2445 comitatum,
952 2368 1195 2456 summoque

266 2481 371 2548 cnm
405 2463 739 2548 vestimentorum
772 2490 914 2548 ornare
929 2470 1167 2594 ,oninique

265 2560 512 2708 splendore,
503 2619 766 2706 iuvenemque
787 2586 1176 2677 leteturllretinnsse

270 2710 438 2819 vidisse,
459 2708 501 2796 rit
524 2716 855 2823 nobilissimum,
845 2743 896 2799 tta
916 2716 1171 2828 praeseferen-

267 2871 351 2929 rem·
381 2782 548 2926 misitne
581 2846 686 2953 signs
714 2871 753 2928 et
775 2784 944 2951 viitutis,
964 2873 1001 2930 et
1023 2849 1174 2958 gratiae.

266 2973 360 3053 His
356 2973 457 3053 cnm
478 2995 537 3052 et
551 2994 706 3081 paterna
729 3003 847 3054 manu
869 2976 1112 3085 praescripta
1107 2976 1176 3058 le·

266 3096 393 3208 gisset
402 3128 522 3217 quam
545 3099 739 3211 plurima,
768 3089 1075 3250 diligenterque
1081 3108 1172 3187 con-

169 3326 186 3349 .
265 3234 446 3336 spejxisset
473 3257 631 3312 omnem
653 3228 851 3375 pristinsrn
874 3233 1177 3348 antiquitatem,

266 3358 383 3439 rediit
405 3358 631 3462 Veronam,
652 3357 938 3470 progenuitque
959 3355 1061 3444 lilios
1080 3391 1174 3445 ιιοιι-

188 3736 215 3863 ,i
306 3788 364 3871 (ι)
381 3738 486 3863 Vallaei
500 3783 550 3870 qul
568 3806 584 3848 a
601 3809 678 3877 pag.
697 3811 725 3878 7.
739 3790 768 3855 la
783 3803 874 3857 nott
