3000 4852
1062 361 1133 481 141

280 516 424 584 ornnes,
442 516 595 591 quorum
613 516 686 564 non
703 516 812 592 parva
827 495 949 592 copia,
968 504 1009 563 ut
1025 515 1069 563 ex
1084 518 1207 567 eorum

280 603 566 678 attestationibus
585 603 707 676 videre
737 607 897 702 poterit,
913 619 1047 703 quanta
1076 605 1206 677 Iuven-

279 729 395 789 tutem
408 741 554 789 omnem
569 719 674 786 istam
688 712 1026 814 florentem,quanta
1042 716 1211 814 denique,

282 839 318 896 et
329 851 440 924 qoam
453 836 612 900 maxima
626 829 813 901 civitatem
827 829 1211 926 universam-Quapro-

278 949 357 1035 pter
374 936 544 1035 proferat,
561 963 763 1038 precamur,
779 963 820 1009 ac
837 938 1102 1038 supplicamus,
1122 938 1208 1010 Sau-

283 1049 387 1120 ctitas
404 1051 454 1156 V,
470 1072 514 1120 ex
531 1052 663 1124 intima
680 1050 744 1123 illa
763 1054 821 1122 sui
835 1051 1058 1149 benignitate
1071 1076 1119 1148 ,a
1141 1075 1210 1149 qua

281 1159 445 1259 denegari
476 1165 668 1262 quicquam
700 1163 926 1257 Academicis
945 1161 997 1235 las
1026 1187 1098 1236 nou
1132 1177 1210 1254 est,

280 1276 476 1346 mirificum
495 1275 710 1349 clementiae
727 1300 858 1376 genus:
879 1301 945 1347 nec
964 1276 1119 1374 patiatur
1147 1301 1209 1346 suo

281 1409 431 1458 munere
448 1388 545 1460 hunc
575 1388 693 1460 locum
721 1385 949 1463 defraudari.
970 1385 1097 1458 Iubeat
1115 1412 1195 1486 per-

282 1497 372 1569 solvi
391 1497 459 1570 sibi
477 1525 636 1572 annuam
667 1499 872 1570 mercedem
899 1497 1028 1585 illam,
1047 1500 1204 1595 nequod

278 1624 379 1682 vetus
395 1621 449 1682 soi
467 1616 505 1684 in
523 1612 756 1686 Academicos
772 1637 872 1684 amor
888 1613 1099 1700 constituit,
1115 1611 1206 1682 alio·

283 1745 364 1793 rum
384 1726 547 1815 invidia,
564 1739 625 1796 aut
642 1725 887 1797 malivolentia
903 1727 1123 1823 intercipiat.
1139 1726 1212 1795 Ac·

281 1837 389 1934 cipiet
407 1838 453 1929 Y.
472 1837 599 1929 eadem
615 1837 792 1909 Sanctitas
805 1835 850 1908 ab
864 1838 1007 1927 Vrsiuo,
1025 1852 1130 1934 atque
1143 1836 1209 1909 Al·

284 1946 404 2046 phano
421 1951 631 2024 Oratoribus
648 1976 794 2034 omnem
813 1953 926 2024 nostri
943 1949 1129 2025 ardentem
1149 1975 1210 2022 cu·

284 2061 474 2159 piditatem
491 2092 498 2136 :
518 2089 575 2137 eos
592 2067 690 2136 enim
708 2065 751 2136 ad
770 2064 872 2136 iilam
886 2064 1110 2137 decrevimus
1129 2090 1211 2163 sup·

262 2245 264 2249 .
282 2172 489 2267 plicandam
506 2229 514 2245 .
533 2177 576 2249 Id
593 2180 622 2249 si
638 2177 684 2249 ab
700 2203 739 2249 ea
756 2177 929 2277 peculiari
960 2175 1022 2286 illa
1053 2201 1115 2251 sua
1131 2232 1143 2268 ,
1170 2204 1210 2250 ac

284 2287 421 2382 saepius
455 2291 608 2387 repetita
647 2291 866 2380 clementia,
894 2303 936 2362 ut
969 2290 1208 2382 confidimus,

285 2394 618 2491 impetraverimus,
649 2400 815 2496 frigentes
846 2425 978 2498 prope,
996 2425 1036 2471 oc
1053 2404 1210 2475 iacentes

282 2505 423 2598 Musas,
445 2508 630 2582 labantem
649 2511 883 2582 Academiam
914 2534 988 2580 non
1017 2508 1135 2584 solum
1166 2516 1205 2586 in

284 2616 399 2690 lucem
431 2624 677 2711 revocaverit,
707 2637 743 2693 et
771 2623 814 2693 ad
844 2621 990 2694 coelum
1017 2622 1210 2717 extulerit,

279 2735 342 2803 sed
362 2736 546 2810 universae
565 2738 754 2827 Etruriae,
771 2760 816 2808 ue
835 2737 996 2810 dicamus
1015 2736 1099 2810 huic
1116 2741 1205 2812 civi·

281 2847 370 2934 tati,
388 2848 475 2920 adeo
493 2875 571 2923 rem
587 2862 722 2948 gratam
738 2848 927 2939 fecerit,ut
939 2852 1113 2924 maiorem
1127 2877 1200 2924 ooo

282 2958 401 3050 possit:
422 2955 635 3062 tantumque
648 2987 688 3034 eo
701 2987 850 3034 munere
863 2962 907 3039 ad
925 2961 1052 3037 landes
1064 2964 1204 3038 Sancti·

283 3067 366 3136 tatis
399 3069 443 3139 V.
474 3077 683 3146 accesserit.
703 3076 801 3170 Quid
831 3076 933 3157 enim
961 3099 1005 3146 ex
1035 3075 1204 3148 omnibus
1236 3102 1239 3109 ·

280 3176 385 3248 rebus
404 3179 570 3256 humanis
587 3187 823 3286 praeclarius,
855 3201 917 3260 aut
946 3191 1209 3287 praestantius,

281 3300 345 3358 aut
360 3295 455 3388 quod
472 3295 528 3367 illi
547 3302 693 3371 maioris
723 3299 857 3370 fructus
871 3354 882 3390 ,
898 3299 1099 3398 gloriaeque
1133 3327 1206 3373 esse

281 3405 415 3498 possit,
432 3431 541 3503 quam
562 3413 607 3484 de
624 3411 818 3503 omnibus,
848 3417 1128 3512 praesertimque
1156 3417 1200 3490 de

281 3516 519 3610 Academicis,
531 3521 622 3596 bene
639 3528 769 3598 mereri
784 3524 797 3598 l
815 3528 959 3625 Quippe
970 3527 1034 3610 Dei
1055 3530 1205 3610 immor-

284 3624 366 3698 talis
385 3643 461 3725 est,
482 3637 579 3706 cuius
597 3661 634 3709 ea
654 3662 750 3710 aune
780 3642 896 3713 vicem
926 3641 1041 3736 gerit,
1074 3653 1201 3712 morta-
