3000 4852
1100 363 1155 450 85

284 501 348 615 kAt
369 498 591 609 theologum
612 495 727 579 fuisse
755 495 935 580 Beatricis
957 526 1054 582 voce
1076 499 1217 613 patefit·

292 633 434 716 ineius
454 634 639 740 ingressu.
662 627 811 711 Verum
835 656 894 708 res
914 629 995 737 ipsa
1011 657 1077 740 per
1091 661 1133 713 se
1155 631 1214 714 lo·

290 761 449 874 quitur,
482 786 573 840 cum
594 779 631 835 et
647 757 857 850 materiam,
879 780 918 837 et
939 754 1105 841 formam
1126 788 1211 842 mo·

286 886 378 970 ralir
389 883 654 1000 philosophiae
668 882 752 963 eitts
766 885 956 1002 exprimat
971 885 1109 993 codex,
1124 918 1207 1001 pas·

284 1012 447 1120 sichem,
467 1017 642 1129 inquam,
662 1034 699 1092 et
721 1011 923 1114 rationem,
945 1007 1103 1120 figurata
1132 1045 1218 1125 pro⁴

285 1142 587 1255 prisiot'ae‘silva,
610 1138 772 1221 utillud
794 1138 1012 1223 imitaretur
1033 1141 1202 1254 Virgilii,

303 1281 381 1348 vui
394 1281 499 1349 meter
514 1280 621 1349 media
636 1303 672 1347 se
687 1302 723 1346 re
738 1278 856 1344 obtulit
872 1280 966 1345 obvia
981 1280 1080 1349 silve:

291 1412 363 1512 p'ro
382 1403 532 1484 ratione
554 1429 647 1482 vero
681 1421 846 1506 accepto
867 1422 1015 1504 monte,
1034 1423 1153 1512 quem
1174 1430 1218 1480 a·-

291 1530 521 1636 attenderet,
556 1527 719 1613 utillud
749 1553 880 1608 rursus
903 1527 1134 1611 Maroneum
1154 1556 1212 1609 se-

293 1681 480 1770 queretur
494 1725 505 1764 ,

510 1842 512 1848 .
594 1790 790 1899 eelsa'sedet
803 1800 907 1868 Boius
922 1821 999 1865 arce

332 1897 471 1994 Sceptra
487 1898 615 1970 teitens.
682 1916 685 1923 ⁴
734 1950 738 1959 .

285 2017 478 2105 Distinxit
497 2045 631 2105 autem
650 2018 751 2104 hanc
785 2023 982 2105 materiam
1004 2022 1045 2103 in
1066 2013 1206 2128 triplex

289 2144 479 2255 percandi
499 2178 644 2259 genus,
672 2147 782 2263 quod
802 2145 1028 2233 Aristoteles
1055 2143 1206 2248 voluit,

268 2299 332 2357 >ra
349 2274 716 2379 incontinentiam,
751 2275 1029 2377 vitiositatem,
1063 2296 1101 2356 et
1134 2273 1208 2359 im·

281 2401 677 2514 ,manitatemssriplici
692 2404 862 2503 serarum
876 2401 1045 2487 adhibita
1062 2398 1134 2512 pro
1148 2399 1207 2483 hit

278 2524 424 2619 torma.
459 2535 566 2621 Tam
597 2559 687 2615 vero
709 2534 901 2616 virtutum
921 2561 1037 2615 omae
1059 2559 1203 2640 gerrae,

287 2678 327 2747 οι
345 2660 613 2770 oppositorum
634 2662 785 2743 ratione
813 2657 1050 2765 declaravit,
1076 2683 1114 2742 et
1134 2687 1203 2771 per

273 2813 458 2902 eaquae
474 2787 526 2871 de
540 2789 795 2900 poenitentia,
815 2792 1141 2904 contritioneque,
1160 2815 1205 2870 ae

282 2911 446 2998 demum
478 2913 530 2998 de
563 2915 766 2999 beatorum
787 2916 886 3000 dixit
907 2918 1078 3002 concilio
1096 2948 1136 2999 se
1157 2946 1199 2999 se

284 3039 508 3150 theologum
523 3045 762 3137 declaratum
777 3078 857 3130 esse
872 3031 1093 3135 vaurtsai
1107 3046 1199 3144 eum

282 3168 406 3267 multa
423 3175 500 3256 sint
521 3164 679 3258 dicendi
703 3205 870 3285 genera,
891 3176 958 3259 itto
979 3178 1060 3287 ipse
1074 3175 1217 3284 'magis-

277 3320 338 3383 est
352 3296 575 3407 delectatus,
590 3333 671 3419 quo
693 3305 880 3415 praestitit
903 3303 1079 3417 reliquis..
1094 3303 1197 3411 Quis

280 3425 386 3507 enirn
408 3424 501 3508 mihi
524 3434 715 3539 poeticam
732 3455 842 3538 neget
862 3461 978 3521 ornae
999 3428 1197 3529 scribendi

278 3582 397 3659 genus
417 3553 675 3639 antecellere?
704 3559 907 3642 Obiiciunt
930 3560 1048 3668 ignari
1076 3560 1194 3659 botta·

254 3706 365 3779 ,rum
388 3686 525 3784 artium
550 3681 686 3786 mariti,
710 3684 814 3797 (ruod
840 3685 1064 3787 nihilaoaet
1084 3691 1193 3791 aliud
1218 3734 1221 3745 ·
