3000 4852
514 371 592 470 idn

433 507 508 580 lem
525 509 666 579 invare.
696 500 811 596 Quod*
831 500 878 573 ad
907 526 971 574 nus
998 503 1159 594 attinet,
1183 504 1359 605 polliceri·

432 620 627 708 habemus,
645 620 737 689 tanti
758 615 923 688 beneficii
946 619 1185 708 memoriam,
1204 642 1354 695 nun-su·

433 733 511 803 lum
525 730 706 803 dum'vita'
713 729 888 827 supererit
900 730 1042 818 nostra,
1059 732 1281 828 sempiterna
1295 758 1362 809 nos

431 844 681 918 benevolentia
699 841 881 932 culturos,
898 840 960 913 sed
978 843 1250 917 etiam‘daturos
1278 866 1360 946 ope·-

431 971 590 1047 ram‚·ut
608 957 733 1028 eadem
759 957 977 1025 aeternitate·
1002 955 1226 1028 immortalia
1259 961 1360 1058 apud

430 1084 587 1168 posteros
605 1082 839 1140 monumenta
869 1067 1126 1164 permaneant.
1145 1068 1277 1143 Valeat
1311 1073 1358 1148 V.

430 1182 632 1270 Sanctitas,
649 1182 706 1250 cui
727 1182 938 1263 nositerurh
958 1188 1217 1278 atqueiterum
1233 1182 1279 1256 ad
1296 1187 1363 1284 pd.

430 1293 493 1365 des
510 1317 589 1364 suos
618 1288 778 1382 advoluti
814 1292 1136 1364 commendamus.
1155 1293 1363 1372 Florentiae

429 1405 489 1476 die
511 1428 570 1476 xx.
587 1402 755 1476 Octobris
777 1424 933 1475 nnxvrn.
952 1403 1163 1478 sanctitatis
1181 1407 1349 1481 Vestrae.

429 1521 505 1617 Ego
522 1519 563 1588 P.
581 1516 746 1590 Andreas
763 1517 1142 1618 quondamdrchiep.
1176 1518 1275 1593 Flor.
1295 1524 1364 1596 Vi·-

479 1635 617 1720 carivs,
634 1630 719 1700 licet
735 1628 927 1725 indignus,
952 1630 993 1704 id
1019 1631 1115 1731 quod
1133 1633 1173 1704 in
1190 1633 1361 1731 precibus

476 1745 712 1848 concinctus,
729 1739 914 1840 supplico.

428 1854 505 1950 Ego
533 1853 741 1925 Franciscus
767 1851 947 1925 Cataneus
974 1853 1155 1927 Diacetius
1183 1857 1356 1958 quicquid

480 1969 641 2065 superius
657 1965 888 2056 continetur,
906 1964 1097 2039 humiliter
1127 1993 1146 2039 a
1176 1969 1210 2040 S.
1230 1972 1279 2045 V.
1299 1973 1356 2046 de

480 2104 611 2177 posco.
1067 2158 1073 2169 ,

430 2191 507 2288 Ego
534 2189 683 2262 Iacobus
712 2187 976 2290 Athychyerus
1004 2190 1049 2264 de
1078 2190 1266 2267 Florencia
1281 2250 1293 2286 ,
1312 2221 1356 2271 ex

477 2303 616 2374 Ordine
647 2302 866 2394 Scirorum,
896 2305 1024 2377 Sacrae
1042 2303 1169 2376 Theoi.
1198 2303 1351 2384 humilis

479 2404 683 2508 Professor,
704 2416 886 2489 inutiliter
902 2417 1065 2490 incolens
1097 2418 1237 2510 Musas,
1254 2426 1355 2521 quic.

475 2529 564 2630 quid
576 2531 738 2629 superius
752 2537 970 2621 continetur,
982 2529 1171 2604 humiliter
1188 2531 1348 2632 deposco.

428 2645 505 2741 Ego
525 2643 772 2742 Hieronymus
801 2644 1022 2723 Benivenius
1051 2646 1224 2743 quicquid
1252 2670 1352 2748 supe·

472 2764 545 2829 rius
562 2756 794 2847 continetur,
809 2755 1000 2830 humiliter
1017 2781 1037 2828 a
1054 2757 1089 2829 S.
1109 2758 1156 2831 V.
1174 2757 1349 2856 deposco.

421 2874 498 2967 Ego
516 2868 635 2977 Pallas
652 2869 886 2945 Oricellarius
904 2870 1002 2944 idem
1021 2897 1040 2942 a
1058 2870 1094 2941 S.
1113 2871 1161 2944 V.
1174 2870 1348 2972 deposco.

416 2983 500 3081 Ego
514 2981 729 3055 Laurentius
745 2980 923 3055 Saleiatus
939 2982 1038 3060 idem
1067 2981 1258 3059 humiliter
1275 3014 1295 3060 a
1314 2987 1350 3063 S..
1478 3082 1483 3091 Ι

468 3099 515 3172 V.
533 3096 711 3198 deposco,

420 3213 498 3310 Ego
514 3212 729 3284 Laurentius
747 3211 872 3284 Stroza
891 3209 989 3285 idem
1001 3211 1191 3285 humiliter
1207 3237 1226 3282 a
1245 3210 1280 3286 S.
1301 3215 1347 3288 V.

467 3325 617 3425 deposco
629 3377 638 3396 .

420 3441 495 3536 Ego
511 3441 637 3510 Petrus
654 3437 864 3514 Franciscus
880 3436 925 3510 de
943 3436 1091 3513 Medicis
1108 3437 1206 3513 idem
1226 3436 1347 3514 humi·

472 3550 553 3623 liter
569 3551 720 3653 deposco
