3000 4852
364 314 440 398 106

277 473 425 561 potest.
447 447 587 533 Voluit
605 471 736 531 sutem
763 440 1207 561 figmento-ururpocti·

288 605 338 660 co
358 578 525 682 Dentes,
545 574 656 692 quod
670 574 860 658 dormiret
873 601 966 657 cuns
980 571 1073 657 haee
1086 571 1208 673 vidis·

281 733 332 791 ,se
349 707 453 788 visus
469 729 540 809 est,
550 734 624 816 pro
634 703 837 788 communi
856 700 1062 789 homiuum
1076 701 1157 785 vita
1169 731 1222 785 se*

292 862 333 913 se
355 835 393 914 in
417 835 594 917 medium
625 833 786 937 afferre,
818 833 889 946 qui
908 861 1035 947 aeque
1055 860 1100 914 ac
1118 827 1210 915 dor-

292 962 442 1065 miens,
468 985 586 1076 atque
606 969 739 1044 auimo
759 991 852 1045 curn
872 985 972 1046 esset
990 959 1211 1077 quietiore,

287 1089 327 1170 in
358 1119 586 1174 communes
606 1115 646 1173 et
666 1121 879 1202 corporum
911 1089 1140 1192 devenerit,
1169 1111 1209 1173 et

288 1216 512 1321 animorum
539 1248 675 1325 curas,
706 1217 856 1317 quibus
888 1218 1140 1320 efficeretur,
1166 1239 1209 1309 ut

290 1370 433 1456 corpus
468 1345 519 1429 ad
545 1347 775 1495 voluptates
803 1340 1081 1446 inclinaretur,
1114 1372 1206 1437 cum

286 1499 423 1554 omnes
445 1477 556 1584 proni
576 1476 699 1558 simus
720 1505 739 1555 a
761 1471 893 1557 labore
913 1469 963 1554 ad
984 1408 1208 1583 libidinem,

293 1627 363 1711 pro
383 1600 531 1718 quibus
550 1634 591 1688 se
613 1605 652 1684 in
673 1599 810 1686 silvam
830 1599 1011 1693 incidisse
1024 1597 1149 1706 dicit,
1169 1623 1207 1689 ιιι

287 1729 441 1812 animus
460 1732 508 1813 ad
531 1764 588 1838 ea,
608 1762 709 1844 quae
729 1730 887 1815 rationis
897 1752 1003 1835 suut,
1016 1727 1201 1839 dirigere·

287 1875 377 1958 tur,
412 1889 483 1968 pro
503 1889 580 1971 qua
603 1883 778 1941 montem
802 1887 882 1941 esse
915 1856 1065 1949 Phoebi
1088 1853 1205 1945 radiis

285 2008 464 2066 oritarum
489 1986 626 2086 voluit,
639 2015 721 2098 quo
741 1983 887 2076 factum
908 2017 988 2073 essu
1008 1982 1208 2094 ostendit,

286 2132 431 2192 utcuru
443 2108 619 2223 voluptas
633 2112 682 2193 ad
695 2109 1205 2217 setralteret,lrouestascon·

288 2260 342 2321 tre
365 2260 564 2331 revocaret
584 2242 804 2352 ingenium,
826 2241 864 2324 iu
886 2241 1092 2358 dubioque
1113 2275 1205 2356 pen·

286 2365 396 2453 deret
416 2372 609 2481 cogitatio,
634 2372 813 2479 adventu
834 2368 948 2484 lupae
971 2371 1089 2483 paulo
1122 2402 1206 2456 mo·

288 2520 423 2585 mento
455 2501 504 2582 sit
544 2501 583 2581 iu
618 2485 817 2581 meliorem
851 2525 1002 2610 partem
1038 2499 1202 2608 impulsa

286 2652 510 2731 persuasore
533 2629 722 2738 Virgilio,
743 2628 911 2729 rationis,
932 2627 1122 2738 iuquam,
1143 2631 1200 2738 vi,

283 2780 327 2833 ac
355 2754 578 2861 maiestate,
612 2782 650 2838 et
680 2758 728 2840 ita
762 2753 945 2864 deinceps
982 2782 1201 2864 poenarum

284 2902 406 3025 meto,
428 2886 770 3031 praemiorumque
785 2914 866 2995 spe,
879 2913 922 2965 ac
942 2880 1140 2966 desiderio
1160 2885 1201 2967 in

285 3008 411 3117 virum
427 3012 564 3093 evadat
578 3013 678 3126 ,qui
701 3017 820 3094 viram
843 3012 991 3160 perpris
1011 3010 1132 3093 instar
1152 3012 1200 3095 si·

281 3133 401 3220 lentio
422 3134 667 3225 transivisset.
688 3138 778 3255 Non
801 3166 857 3224 est
879 3141 998 3263 igitur
1018 3140 1068 3225 de
1086 3140 1198 3263 epiris

284 3264 378 3354 hacc
405 3268 641 3383 descriptio,
667 3244 756 3359 sed
764 3269 871 3357 de
836 3297 895 3365 ιιι
906 3294 1023 3367 recte
1056 3244 1197 3375 intelli

282 3396 404 3502 gunda
428 3403 527 3481 virne
555 3424 729 3494 nostrae
748 3398 903 3480 accius
934 3427 1077 3480 eursu.
1093 3396 1199 3479 Edi·

280 3524 337 3605 dit
360 3556 451 3607 vero
477 3533 617 3613 Dentes
637 3520 911 3641 elocutiones,
932 3552 970 3610 et
992 3542 1193 3642 sonsum,
