3000 4852
283 475 357 559 bun
389 475 615 560 observatur
635 470 740 584 apud
762 469 923 581 Gallus,
956 497 1001 559 ut
1020 503 1137 560 nemo
1156 478 1199 560 in

282 605 402 716 ‚Regis
428 604 666 687 Francorum
688 604 792 701 curia
812 600 919 685 aliud
939 601 1077 686 audeat
1097 602 1197 688 idio·

286 761 348 814 ma
370 733 580 848 prosequi,
601 760 717 847 qnam
737 761 819 847 quo
836 726 1197 848 ipse'prose'qnitur,

282 863 407 945 utitur
426 863 522 966 Rex,
538 860 697 945 necuim
718 861 880 974 quidem
903 865 941 945 in
955 864 1113 968 Senatu,
1133 861 1199 945 vel

284 993 408 1074 causis
428 990 536 1105 ioqui
558 991 712 1097 lingua.
734 987 819 1099 Nec
840 991 967 1074 minus
986 1014 1043 1074 est
1063 992 1193 1075 tumen

222 1149 226 1156 ·
287 1113 438 1199 artificii
469 1116 696 1227 complexus
724 1117 801 1201 tuis
821 1117 996 1202 versibus
1014 1118 1198 1225 Dantes',

283 1247 449 1358 quamsi
465 1245 635 1328 Romanu
657 1245 788 1329 fuisset
810 1246 895 1327 ilios
915 1245 1042 1357 lingna
1067 1276 1199 1355 prose·
1277 1341 1279 1345 y

285 1395 419 1480 cutus,
440 1376 657 1488 meritoque
678 1374 815 1457 debuit
837 1397 948 1484 poeta
968 1375 1059 1476 dici,
1078 1405 1123 1456 nc
1137 1379 1198 1456 in·
1255 1378 1265 1399 “

280 1524 338 1584 ter
357 1525 489 1613 poetas
510 1503 729 1607 numerari,
751 1525 795 1584 ut
815 1503 897 1614 ipse
911 1499 962 1582 de
983 1530 1023 1582 so
1042 1501 1196 1585 locutus

279 1633 320 1712 in
343 1632 518 1739 Irfferno
539 1633 593 1715 sic
614 1635 688 1715 ait:

269 1762 379 1851 Atque
392 1762 479 1826 inter
490 1759 633 1849 reliquos
647 1783 716 1825 sum
732 1772 847 1828 sextus
861 1772 894 1826 et
909 1762 979 1849 ipse
992 1773 1112 1850 poetas
1128 1763 1193 1854 (t),-

280 1868 548 1950 uominnvetat
568 1869 672 1950 enim
693 1866 933 1972 Homerum,
955 1868 1193 1976 Virgilium,
1224 1968 1228 1975 ¹

280 1993 518 2093 Horatium,
538 1991 753 2097 Ovidium,
766 2020 803 2077 et
818 1995 1050 2081 Lucanum.
1071 1996 1197 2105 Quod

277 2123 410 2234 siquis
426 2150 488 2202 me
510 2143 642 2229 roget,
668 2151 738 2204 cur
757 2126 787 2204 si
811 2121 1061 2235 philosophus
1079 2151 1168 2218 ,erat
1184 2144 1219 2233 ,’

281 2279 326 2333 ac
345 2245 572 2357 theologus,
592 2277 631 2329 se
665 2247 799 2332 maluit
825 2281 906 2332 esse
941 2278 1119 2364 portam,
1139 2255 1191 2339 itu

279 2409 510 2494 responsum
530 2409 610 2461 esse
644 2378 781 2465 velim:
806 2381 1084 2495 philosophum
1112 2415 1195 2472 esso

277 2514 424 2598 Dantes
444 2509 583 2603 fatetur
604 2540 643 2595 se
669 2543 735 2617 se,
755 2542 843 2595 cum
867 2514 1016 2597 inducit
1039 2547 1188 2626 praece·
1294 2593 1298 2601 .

279 2664 432 2755 ptorem
453 2640 492 2717 in
515 2640 692 2742 Inferno
712 2641 766 2723 sic
787 2640 1005 2723 dicentem:
1023 2747 1026 2752 .

311 2772 431 2841 Nonne
443 2797 480 2840 es
496 2776 673 2855 verborum,
683 2780 825 2858 Dantes,
837 2800 956 2844 memor
971 2801 1053 2842 unus
1068 2801 1191 2862 eorum,

274 2947 278 2956 ¹
311 2873 452 2960 Quorum
466 2879 607 2944 materia
620 2891 675 2943 est
690 2882 809 2948 morali
823 2873 1085 2972 comitatum(
1108 2880 1121 2970 )
1144 2884 1172 2955 i,

323 3251 454 3343 (ocuti
472 3254 521 3319 uel
538 3259 691 3343 margine.
797 3306 799 3310 -

319 3352 366 3418 Et
379 3355 480 3445 iufut'
494 3370 580 3423 sesto
597 3372 651 3424 tra
665 3371 796 3428 teranto
812 3387 931 3435 senno.

218 3505 220 3510 .
329 3455 377 3541 (α)
393 3456 461 3522 Coti
476 3457 525 3524 nel
543 3463 692 3545 margine.

320 3555 397 3623 Non
411 3563 441 3622 tt*
455 3566 627 3629 rammenti
641 3566 679 3628 di
693 3548 803 3657 quelle
814 3572 932 3664 parole
945 3623 956 3654 ,

263 3664 268 3675 '
364 3657 416 3725 De
430 3658 463 3727 le
476 3666 554 3751 quai
566 3665 602 3730 la
616 3680 674 3735 tua
688 3669 786 3741 Etica
800 3681 997 3768 pertrattar’
