3000 4852
360 490 545 599 tendere,
579 494 628 576 ita
661 492 798 577 luicio
835 497 994 606 patriam
1032 495 1131 580 nihil
1169 501 1277 609 priua

360 616 581 728 anhelavit,
601 652 720 739 quarn
743 624 887 707 viderit
910 625 967 707 sui
992 624 1218 734 ulciscendi,
1235 654 1280 715 et

361 749 646 862 propulsandae
668 756 830 836 iniuriae
854 756 970 864 gratia
991 784 1091 868 opus
1120 787 1200 841 esse
1216 780 1279 847 jar·

359 878 458 966 tuis.
480 881 717 967 Convouatis
738 887 853 995 igitur
875 885 1057 967 exulibus
1088 882 1252 1000 reliquia
1265 951 1278 995 ,

364 1035 573 1117 coeperant
585 1012 776 1116 euimiam
787 1010 941 1096 exulare
953 1012 1065 1094 multi
1082 1011 1156 1095 viri
1172 1042 1280 1124 prae·

365 1146 509 1222 stantes
524 1164 685 1252 propter
699 1171 950 1226 communem
965 1142 1179 1253 Nigrorum
1201 1142 1279 1225 rui·

359 1293 476 1370 nam,
496 1268 660 1351 oonsilio
679 1275 840 1383 accepto
866 1274 1148 1354 constituerant
1168 1269 1278 1382 apud

360 1389 603 1503 Gargonsam
637 1396 831 1511 oppidum
865 1426 1001 1482 omues
1033 1395 1166 1482 exules
1187 1412 1269 1482 un'o

358 1549 559 1609 conventu
583 1527 761 1612 dretiutu
783 1531 859 1633 ire,
887 1529 1021 1644 ibique
1042 1529 1279 1610 lirmare'or-

357 1647 470 1736 dines
490 1653 673 1746 bellicos.
695 1660 801 1745 Cum
834 1660 903 1742 illo
936 1652 1199 1762 traiecissem,
1228 1677 1270 1741 ut

226 1787 231 1800 '
359 1781 579 1871 exercitum
600 1788 639 1869 in
656 1785 891 1873 facinorosos
906 1785 1028 1872 Albos
1041 1800 1278 1894 statuerunt,

357 1908 503 2021 etjaius
523 1915 800 2026 imperatorem
819 1913 1098 2001 ‘Alexandrum
1119 1911 1278 2022 {Rotna-

358 2061 490 2121 natem
517 2041 714 2126 Comitem
744 2044 1031 2150 decreverunt,
1050 2065 1089 2125 et
1122 2038 1279 2125 duode-

358 2161 438 2248 cttn
458 2163 697 2254 addiderunt
710 2174 746 2254 oi
761 2174 953 2279 consules,
973 2184 1144 2286 quorum
1165 2154 1276 2280 prid-

318 2285 338 2399 Ξ
359 2317 453 2405 ceps
474 2293 549 2380 suit
568 2298 738 2409 flantes,
759 2308 827 2417 qui
852 2332 920 2413 spe
948 2303 1108 2404 ductus,
1125 2294 1280 2382 lutura·

358 2448 448 2506 turn
467 2429 737 2539 expectatione
758 2454 890 2514 rerum
911 2436 952 2513 iu
974 2433 1276 2542 tertiumusque

356 2579 503 2637 aunum
525 2554 666 2643 frustra
687 2557 887 2646 laborarit.
903 2563 1075 2645 Deeraut
1089 2559 1151 2642 sui
1166 2555 1272 2640 simi·

357 2677 414 2762 les
436 2680 779 2806 aliquot,quibus
812 2717 891 2775 erat
924 2690 974 2773 ad
1008 2719 1090 2771 reru
1127 2707 1275 2770 tautam

360 2807 609 2901 efficiendam
627 2812 1278 2932 necesse,sententiarumque·mul··

361 2936 530 3027 titudine
548 2932 756 3060 parabatur
775 2949 973 3034 confusio.
988 2949 1196 3031 ,Praeterea
1209 2971 1271 3026 ros

365 3063 525 3155 bellicae
558 3077 599 3157 iu
633 3075 674 3157 id
707 3070 924 3190 tletrenere,n
938 3073 1200 3178 discriminis,
1232 3090 1278 3154 ut

363 3227 441 3281 uon
462 3201 780 3315 ferrojjamplius,
803 3206 871 3286 sed
893 3227 1079 3312 argento,
1100 3226 1278 3315 auroque

363 3353 649 3440 componantur
670 3357 817 3435 eastra,
849 3357 888 3414 et
916 3331 991 3414 tela
1023 3327 1278 3443 splendeant,

299 3566 300 3570 Ἴ
361 3458 474 3567 Quid
495 3489 627 3546 autem
649 3463 708 3547 rel
729 3463 887 3574 argenti,
903 3460 962 3542 vel
979 3462 1062 3542 auri
1078 3456 1276 3543 traderent

362 3588 553 3674 militibus
574 3591 732 3696 exules,
753 3622 928 3707 quorum
949 3589 1128 3674 furtunae
1148 3583 1279 3671 subla·

316 3711 338 3726 ’
363 3751 450 3831 tae,
470 3722 617 3838 quibus
639 3720 1005 3837 praeterclieutelas
1019 3739 1195 3830 superest
1216 3719 1277 3803 ui·
