3000 4852
359 385 439 471 138

284 522 441 614 mtirico,
455 545 477 594 e
489 543 563 594 nou
575 538 704 591 verace
715 528 890 589 carattere
911 517 952 591 di
967 527 1093 616 questo
1108 540 1207 591 mor·

281 633 384 729 deoc,
402 633 447 707 ed
462 630 562 706 eruic
580 628 769 703 Geuureee
783 631 964 721 scritture,
979 630 1201 705 sariameute
1265 625 1271 632 ’

283 745 314 820 il
332 745 609 848 disprermouo
618 796 632 834 ,
648 766 668 814 e
682 741 722 816 di
740 743 793 815 tui
810 767 887 816 uon
898 766 1085 831 curamue,
1099 766 1202 817 come

282 859 315 930 si
331 857 423 932 rede
437 856 501 932 dat
518 857 804 959 proecguimento
820 852 883 927 dei
899 866 1109 929 mauronto
1122 854 1211 928 Dia·

285 971 343 1043 rio
358 971 418 1046 del
430 982 553 1047 nostro
567 967 687 1069 primo
703 968 894 1065 mgrctario
904 963 1119 1064 Inscrigrro.

498 1414 795 1496 BEAI'ISSIME
819 1410 1007 1495 PATER.

329 1868 417 1942 Post
433 1869 614 1952 humilem
630 1872 819 1948 uniuersae
842 1867 951 1941 huius
977 1863 1102 1940 sacrae
1117 1868 1211 1948 Aca:

279 1979 890 2056 demiserauctissimommPedum
901 1977 1131 2078 complexum
1144 1995 1215 2057 etc.

279 2090 468 2164 Proximis
495 2093 720 2191 temporibus
748 2094 927 2165 Sanctitas
963 2092 1010 2167 V.
1034 2118 1126 2192 quae
1158 2097 1214 2168 sui

285 2227 429 2303 semper
444 2203 672 2277 admirabilis
700 2205 896 2276 clementia
925 2207 1072 2297 extitit,
1100 2231 1216 2307 quum

280 2314 329 2388 ab
348 2314 474 2389 inseris
489 2340 602 2416 prope
618 2330 779 2391 veterem
798 2315 918 2408 illam,
933 2331 1045 2420 atque
1059 2345 1081 2393 a
1097 2323 1212 2396 maio·

279 2428 379 2501 ribus
396 2430 469 2500 suis
484 2428 706 2522 inchoatam,
717 2453 803 2504 mox
815 2457 835 2504 a
847 2434 996 2532 porteris
1012 2447 1166 2526 auctam,
1179 2447 1217 2508 et

279 2540 326 2614 ab
336 2541 507 2615 omuibus
518 2555 716 2642 spectatam
730 2545 968 2617 Academiam
982 2549 1021 2618 in
1034 2544 1152 2619 lucem
1164 2572 1220 2620 re·
1273 2603 1285 2622 c

284 2670 647 2754 vocassetaunuaque
661 2658 698 2728 in
711 2659 788 2728 eius
803 2658 1098 2729 restaurationem
1113 2661 1222 2755 quin·

280 2769 452 2865 quaginta
486 2765 697 2839 destinasset
723 2769 834 2868 (sio),
849 2765 945 2867 quod
962 2787 1009 2835 ex
1025 2767 1131 2836 sacris
1143 2771 1219 2840 suis

284 2879 544 2966 monumentis,
556 2903 729 2951 summan
744 2878 847 2952 nobis
859 2875 1043 2974 relligione
1053 2881 1216 2970 servatis,

280 2989 493 3081 ostenditur3
507 3013 604 3062 nunc
621 2987 1056 3089 temporismomcnto,vel
1069 2989 1216 3086 ignavia

286 3115 422 3192 nostra,
438 3100 496 3174 rel
508 3101 662 3174 aliorum
676 3103 780 3202 culpa
790 3100 995 3177 collabitur.
1006 3103 1106 3195 Quin
1122 3103 1216 3177 etde

281 3212 410 3287 eadem
423 3215 634 3288 sanctitatis
646 3217 694 3290 V.
706 3216 902 3288 clementia
917 3214 1136 3288 demandata
1150 3240 1213 3289 uo·

276 3323 335 3399 bic
356 3343 464 3428 atque
480 3354 643 3403 concessa
656 3330 895 3404 creandorum
906 3329 1217 3426 Poetarum,Rhe·

288 3453 492 3538 torumque,
504 3467 545 3514 ac
558 3443 675 3516 laurea
689 3442 851 3518 donandi
864 3453 1031 3542 potestas,
1037 3443 1216 3541 simulque

290 3550 469 3650 Aligtien
489 3557 617 3628 Dentis
637 3559 723 3631 Ossa
738 3612 748 3647 ,
765 3570 873 3656 atque
894 3555 1043 3630 Cineres
1071 3581 1116 3628 ex
1143 3555 1214 3627 Ra·

283 3679 444 3739 vennatu
459 3669 506 3740 ad
524 3671 643 3744 natale
662 3670 779 3745 solum
796 3667 1052 3760 transferendi,
1064 3667 1214 3742 celebri·
