3000 4852
509 337 588 436 ido

432 500 474 546 ac
490 471 702 557 recentium,
718 465 916 562 Dantisque
932 466 1142 563 praesertim
1162 468 1274 538 nostri
1294 492 1366 567 pu-

433 585 528 655 blice
541 580 736 652 Volumina
750 579 1047 673 interpretentur,
1059 587 1223 672 artesque
1233 602 1362 648 omnes

436 694 552 766 bonae
569 693 810 775 edoceantur,
826 713 918 785 quae
934 694 1109 786 prosperis
1126 688 1165 755 in
1184 684 1289 756 rebus
1305 690 1361 759 in-

435 804 663 876 cunditatem
679 799 860 888 afferant,
876 803 916 869 iu
933 798 1090 872 adversis
1117 798 1296 870 salutem.
1314 800 1360 872 In

432 919 633 1017 praesentia
663 926 802 1001 autem,
832 911 1126 983 clementissime
1154 912 1287 1002 Pater,
1316 938 1361 984 ne

430 1051 574 1126 semper
591 1026 848 1096 Beatissimum
866 1020 1076 1112 dixerimus,
1088 1023 1178 1120 quid
1199 1023 1255 1095 rei
1270 1035 1361 1096 tem·

432 1163 562 1238 porum
583 1135 851 1223 vicissitudine,
868 1134 884 1229 (
901 1135 965 1206 sed
981 1160 1071 1233 quae
1088 1148 1207 1233 potest
1224 1160 1299 1205 esse
1328 1149 1364 1206 te

432 1251 622 1348 superstite
638 1244 886 1347 perturbatio)
899 1246 959 1319 vei
977 1247 1138 1318 fortunae
1157 1249 1362 1346 iniquitate,

431 1361 491 1433 rei
507 1359 713 1460 aliquorum
728 1358 833 1457 culpa
850 1360 1051 1457 perfectum
1075 1361 1147 1449 sit,
1163 1373 1204 1430 ut
1235 1361 1360 1457 gratis·

434 1473 561 1563 simus,
576 1485 685 1571 atque
715 1473 960 1570 optatissimus
990 1469 1088 1542 iocus
1116 1469 1222 1569 longa
1251 1472 1365 1544 inter-

435 1586 609 1656 missione
629 1583 702 1654 fere
718 1586 962 1674 excorrnerit,
990 1595 1094 1655 tauto
1117 1608 1183 1654 nos
1200 1607 1361 1654 moerore

434 1696 557 1770 affecit
571 1749 583 1785 ,
599 1710 640 1767 ut
658 1710 874 1770 transversos
890 1711 994 1793 agat,
1010 1711 1047 1768 et
1060 1693 1106 1768 ab
1123 1698 1224 1769 omni
1241 1696 1364 1794 procul

434 1806 620 1906 voluptate
647 1808 693 1879 ad
727 1810 888 1880 miserias
922 1833 1048 1880 omnes
1070 1808 1281 1881 transferat:
1300 1810 1364 1906 qui

437 1921 553 2018 pudor
569 1942 665 1990 nunc
685 1923 723 1990 iu
743 1917 848 1991 uobis
863 1932 941 2009 est,
959 1923 1144 1993 intuemur
1161 1921 1362 2009 neminem,

437 2033 534 2131 quod
551 2045 655 2108 autea
672 2034 775 2104 inani
792 2033 949 2131 quadam
965 2035 1076 2130 gioria
1085 2033 1258 2125 ,florente
1273 2032 1362 2107 Aca·

436 2145 580 2234 demia,
608 2144 819 2217 eveniebat.
847 2146 1091 2239 Quamobrem
1122 2148 1225 2238 beia,
1253 2149 1360 2220 Pater

431 2257 656 2351 Beatissimo,
670 2286 717 2332 ne
730 2263 886 2360 patiatur
899 2258 1078 2331 Sanctitas
1090 2259 1138 2331 V.
1152 2259 1249 2357 quod
1264 2258 1312 2331 ab
1322 2283 1364 2331 ca

430 2383 635 2445 extructum
662 2387 771 2473 atque
799 2373 1009 2446 institutum
1037 2385 1092 2441 est
1105 2425 1116 2461 ,
1144 2373 1358 2471 cuiusquam

418 2485 561 2556 iniuria
580 2489 694 2579 deici,
712 2503 775 2560 aut
786 2489 930 2560 destitui
946 2516 955 2559 :
972 2512 1017 2560 ue
1033 2487 1225 2586 permittat
1237 2486 1353 2559 Athe·

430 2621 495 2668 nas
511 2623 591 2669 suas
614 2601 695 2696 (sic
723 2605 823 2672 enim
848 2600 1032 2699 appellare
1063 2596 1153 2669 libet
1181 2597 1362 2669 bonarum

431 2713 598 2781 omnium
614 2717 749 2784 artium
767 2717 987 2785 inventrices
1006 2716 1022 2807 )
1048 2712 1137 2783 adeo
1152 2709 1292 2798 deseri,
1321 2722 1365 2780 ut

430 2819 503 2891 dici
530 2823 577 2891 de
593 2823 650 2892 his
668 2826 800 2919 possit,
816 2830 912 2921 quod
930 2831 967 2896 in
987 2827 1092 2895 Asiae
1122 2820 1248 2893 urbem
1274 2845 1358 2919 pro-

372 2979 375 2984 ·
430 2945 606 3027 stratam,
623 2937 763 3009 dictum
780 2966 800 3009 a
817 2939 991 3010 Diomede
1005 2937 1141 3026 fertur,
1160 2960 1289 3035 magna
1307 2939 1355 3006 ci·

431 3050 549 3137 vitas,
566 3073 693 3148 magna
713 3052 891 3123 solitudo.
908 3057 1053 3146 Quanta
1071 3053 1255 3120 existimat
1273 3051 1361 3120 San·

428 3161 532 3229 c'titas
560 3162 607 3233 V.
637 3188 750 3261 quum
781 3164 996 3236 verecundia
1033 3160 1125 3234 affici
1154 3163 1359 3250 Vrsiuum,

429 3271 713 3373 Alphaunmqne
730 3289 906 3364 nostrum,
919 3301 1038 3346 sacrae
1055 3277 1162 3346 buius
1173 3272 1356 3372 quondam

430 3387 645 3458 Academiae
661 3387 913 3460 celeberrimos
942 3390 1126 3477 Oratores,
1154 3385 1287 3486 quibus
1315 3388 1360 3458 de

432 3497 557 3568 eadem
581 3526 601 3568 a
624 3499 820 3572 Sanctitate
847 3503 894 3572 V.
925 3499 1087 3570 eiusdem
1117 3496 1358 3569 restituendae

431 3607 648 3684 demandata
677 3640 760 3686 cura
793 3616 1089 3713 suera13quanta
1120 3611 1354 3683 Academicos
