3000 4852
1109 379 1135 463 5

285 511 481 597 immerito
515 508 758 594 donabantur
791 507 850 594 his
882 511 1096 623 insignibus
1123 510 1225 596 ho-¹

283 640 430 745 mines,
450 638 523 749 nisi
545 669 696 720 summa
717 662 843 722 essent
875 662 913 723 et
945 644 1185 744 constantia,

283 789 321 852 st
340 767 547 876 gravitate,
568 789 606 847 at
627 762 920 873 magnificentia.
941 764 1191 879 Chacciagni·

282 892 337 979 do
356 893 544 997 huicjfuit
564 890 669 976 filins
682 891 812 1003 Aliger
832 923 881 975 ao
900 894 1057 997 dictus,
1077 893 1190 1009 quod

287 1052 329 1103 ea
343 1017 765 1131 familiagereretAlatn
779 1015 824 1101 inw
839 1020 946 1130 signo
959 1016 1036 1136 (ι),
1063 1017 1190 1103 fuera·

276 1179 354 1262 qne
373 1147 507 1233 fratres
527 1146 636 1251 duo,
655 1175 828 1259 qnorum
860 1148 968 1229 alteri
1003 1149 1188 1232 Moronto

278 1275 353 1361 fuit
374 1273 666 1380 nomen‚alteri
689 1273 861 1387 quidem
889 1273 1186 1386 Elyseo,ambo
1239 1274 1242 1283 ’
1290 1323 1292 1326 >

278 1403 489 1515 dignissimi
512 1401 711 1486 nobilitate
729 1403 931 1505 maiorum,
946 1426 983 1484 et
997 1404 1065 1515 qui
1079 1405 1188 1515 apud
1300 1480 1304 1489 ,

280 1562 371 1615 snos
403 1526 528 1643 paties
563 1524 680 1612 habiti
713 1553 803 1611 snut
841 1559 996 1611 summo
1027 1530 1188 1641 inspre-

274 1642 621 1774 'tio(2).M0rontus
635 1654 819 1741 caelibem
829 1655 939 1741 duxit
954 1657 1189 1762 vitam‚eius·

283 1787 479 1900 quentilla
498 1788 809 1901 fuitpostasitas3
829 1781 975 1900 Elyseo
995 1815 1091 1873 vero
1116 1785 1190 1894 fuit
1224 1836 1230 1847 =
1359 1790 1369 1813 ⁴

343 2174 391 2261 (ι)
421 2159 447 2241 Ε
475 2173 551 2241 falso
577 2177 838 2254 assolutamente,
862 2173 918 2243 che
953 2194 971 2238 a
1000 2171 1067 2260 quei
1097 2172 1191 2261 tempi

291 2294 422 2354 avessero
436 2301 488 2365 per
514 2277 637 2361 Insegna
653 2277 736 2343 t’ata
751 2277 780 2341 d’
791 2299 854 2355 oro,
869 2300 885 2340 e
899 2272 955 2341 che
970 2275 1008 2338 da
1030 2284 1132 2360 questa
1158 2295 1196 2337 ne

219 2434 222 2440 ,
291 2376 434 2441 derivasse
449 2378 472 2443 il
486 2400 626 2462 cognome
652 2377 683 2444 ‹1’
694 2377 836 2462 Alighieri
851 2423 862 2456 ,
876 2398 957 2443 come
973 2376 1038 2439 dice
1055 2371 1077 2438 il
1093 2387 1194 2441 nostro
1305 2400 1307 2405 ’

287 2490 398 2542 autore.
416 2479 523 2557 Questo
533 2503 630 2559 nuovo
644 2495 778 2558 stemma,
794 2500 876 2544 come
890 2479 918 2543 ci
934 2479 1059 2540 atsienra
1075 2474 1096 2542 it
1111 2473 1195 2546 Mat·-

289 2572 331 2640 fei
345 2577 423 2661 aegii
436 2579 573 2645 Scrittori
587 2582 738 2659 veronesi,
749 2582 928 2645 consistente
943 2578 974 2639 in
989 2573 1096 2639 nn'Ala
1112 2574 1195 2641 d’oro

288 2679 321 2742 in
335 2701 440 2767 campo
454 2702 574 2747 azzano
589 2681 610 2746 l'
621 2702 771 2761 assnnserp
786 2680 884 2763 eglino
905 2678 1021 2766 qnando
1055 2672 1201 2746 ternano-

288 2798 328 2843 no
342 2778 371 2845 la
383 2780 448 2846 loro
461 2785 573 2848 dimota
588 2785 619 2847 in
634 2784 770 2870 Verona.
788 2778 821 2844 L’
833 2800 911 2844 arnse
926 2779 1023 2842 antica
1043 2778 1081 2842 -di
1096 2779 1191 2846 Dante

289 2899 338 2944 era
353 2903 411 2947 uno
426 2883 522 2948 Scndo
550 2885 643 2948 diviso
670 2905 722 2969 per
751 2878 773 2944 it
801 2901 901 2946 mezzo
927 2880 959 2942 in
988 2878 1092 2943 diritto
1106 2891 1190 2967 parts
1304 2948 1308 2952 ,

291 2979 320 3046 d’
331 3002 404 3060 oro,
421 3005 437 3046 e
452 2996 535 3071 parte
550 3006 622 3050 nero
631 3031 642 3064 ,
656 3009 671 3048 e
686 2983 809 3068 tagliato
822 3006 875 3073 per
896 2997 1026 3048 traverso
1041 2983 1130 3067 piano
1154 2983 1192 3049 da

291 3104 349 3147 nna
364 3081 460 3164 fascia
470 3086 593 3166 bianea,
608 3080 690 3152 com'e
705 3088 854 3173 apparisce
869 3085 905 3148 da
922 3106 962 3149 nn
980 3076 1115 3149 arnano
1142 3083 1192 3147 del
1224 3077 1232 3096 ‘

298 3181 391 3250 1302.
405 3209 503 3272 presso
518 3191 548 3254 di
560 3211 605 3255 me
620 3201 713 3254 tratto
728 3188 769 3252 fin
785 3181 1188 3271 dall’antiaodall'originale

292 3285 324 3349 di
339 3308 404 3353 casa
420 3292 455 3354 da
468 3291 667 3357 Verrazzano.

294 3383 297 3387 ⁴
335 3388 383 3478 (π)
399 3390 455 3469 Qut
471 3393 491 3456 il
507 3411 606 3460 nostro
634 3391 778 3458 scrittore'
788 3391 817 3455 la
832 3388 942 3472 sbaglia
957 3382 1008 3450 all’
1019 3385 1193 3469 indigrosso,

292 3504 409 3556 mentre
425 3496 437 3558 i
450 3496 577 3560 suddetti
592 3498 752 3571 Μοτοηῐο,
767 3494 804 3557 ed
818 3491 915 3556 Eiiseo
930 3485 1108 3553 non-farone
1123 3489 1185 3572 figtt

294 3589 327 3654 tt
341 3592 493 3676 Alighiero
504 3641 514 3671 ,
526 3618 572 3661 ma
586 3598 702 3685 stipati,
717 3596 839 3661 essendo
854 3590 964 3659 fratelli
973 3591 1004 3659 di
1018 3591 1192 3674 Cacciagni.

296 3692 409 3761 daloro
422 3698 532 3785 padre.
628 3728 651 3763 ·.
