3000 4852
1084 333 1129 415 dt

279 501 316 557 ra
338 495 433 553 vero
452 495 524 553 cnr
544 489 700 553 coactus
721 468 767 549 sit
789 456 906 579 paulo
927 494 1011 584 post
1026 501 1110 555 eain
1131 465 1192 551 di-

275 599 465 712 ¹gnitatcm
498 596 719 713 relinquere
757 596 901 679 Dentes
936 600 1121 711 patriam,
1148 625 1204 707 ea·
1316 600 1319 604 ’

280 749 350 830 ert,
371 755 493 838 quam
518 723 754 809 Booohacius
789 726 891 807 sicco
914 726 1108 836 praeteriit
1130 752 1196 832 pe·

278 853 351 957 de,
372 885 490 969 quam
508 854 684 956 nesciret,
700 851 929 937 Leonardus
950 877 1080 943 autem
1099 856 1198 935 Are·

278 983 384 1071 tinus
405 982 609 1099 diligenter
629 983 873 1092 expresserit,
894 983 964 1096 qni
985 985 1068 1064 eius
1090 1004 1189 1062 tem·

278 1108 440 1220 pestatis
462 1109 660 1193 historiam
681 1109 845 1219 scripsit.
867 1109 973 1192 Cum
989 1111 1089 1191 inter
1102 1102 1200 1190 Gel-

276 1233 387 1345 phos,
408 1236 711 1350 Gibeiiinosque
734 1261 844 1317 vatus
859 1260 966 1342 esset,
984 1261 1022 1318 et
1044 1232 1201 1317 factiosa

278 1361 599 1453 florentinorum
628 1364 793 1470 seditio,
814 1367 853 1445 in
876 1364 918 1445 id
950 1365 1114 1447 demum
1143 1385 1200 1444 est
1310 1379 1313 1383 ’

210 1496 213 1511 ’
271 1491 433 1582 ,redacta
455 1522 540 1593 tes,
563 1515 605 1573 ut
629 1490 763 1602 pulsis,
784 1492 1105 1604 consumptisque
1127 1486 1200 1571 Gi·

282 1617 438 1705 baliinis
459 1619 528 1703 soli
551 1645 750 1730 regnarent
772 1617 1018 1733 Geiphi.Sed
1037 1643 1079 1700 ut
1098 1619 1200 1700 inter

288 1776 354 1829 eos
372 1776 519 1850 rursus,
533 1750 600 1861 qui
616 1747 766 1831 assidua
782 1771 963 1830 rotantur
976 1746 1201 1848 ambitione,

291 1870 1203 1989 solentinvidiae‚snspicionesqueincidere‚di·

295 2001 371 2082 visa
385 2000 515 2089 estve!
529 2002 778 2116 Gniphorum
793 2003 919 2110 factio,
933 2003 1103 2118 fecitque
1123 2000 1200 2083 dis·

296 2130 421 2212 sensio
434 2129 680 2238 animorum,
702 2158 746 2237 ut
766 2131 829 2214 alii
851 2132 988 2242 Nigri,
1007 2133 1070 2214 atii
1089 2129 1204 2214 dico·

296 2255 568 2363 renturdibi,
594 2258 827 2372 diversaque
860 2260 1199 2370 cognominatione

290 2379 399 2463 alteri
419 2381 558 2466 alteros
571 2382 737 2468 flammis
754 2391 1069 2502 insequerentur.
1084 2389 1199 2497 Quae

288 2512 453 2626 quidem
474 2513 695 2597 animorum
711 2519 966 2628 perturbatio,
983 2543 1100 2630 atque
1116 2545 1200 2598 cae·

288 2643 381 2723 citas
401 2641 554 2724 Pistorii
580 2647 750 2754 primum
765 2648 891 2756 coepit
907 2647 1092 2728 radicitus
1107 2674 1196 2727 cou-

210 2808 214 2813 ·
288 2764 459 2872 firmari,
479 2793 517 2852 et
538 2803 558 2851 a
580 2771 913 2856 Canceilariornm
941 2774 1085 2856 familia
1120 2805 1221 2855 mas

287 2897 400 3000 xima,
414 2896 682 3012 ditissimaque
704 2903 816 2984 traxit
839 2901 1201 2987 initiuntvotentes

290 3053 383 3107 vero
414 3025 633 3108 Florentini
666 3025 816 3112 Pistorii
851 3032 1000 3112 mederi
1034 3033 1199 3133 morbo,

295 3494 396 3559 ciullo
411 3496 601 3580 nell’armt'„
617 3506 729 3572 edove
755 3506 824 3573 ebat
856 3522 1002 3572 temenza
1029 3506 1153 3580 molta,
1181 3528 1198 3568 e

293 3596 383 3660 recila
399 3597 478 3685 fine
508 3606 732 3689 grandissima
759 3610 949 3698 allegrezzo
971 3631 1032 3697 pet·
1064 3609 1090 3669 li
1118 3608 1200 3670 varii

295 3705 367 3760 caat*
381 3705 418 3765 di
432 3698 544 3790 quella
559 3707 749 3797 battaglia.
