3000 4852
356 450 363 469 ,,
1087 365 1140 476 47

288 502 371 590 hil?
390 503 528 621 Itaque
547 501 625 584 iam
657 494 709 580 ad
739 525 939 584 summum
973 500 1091 589 vitam
1126 517 1197 619 pro
1242 504 1246 515 ’

294 631 452 715 uictoria
475 627 576 740 pacti
594 690 606 733 ,
625 653 718 709 cum
737 646 916 734 ageretur
934 653 1098 742 quartus
1116 656 1204 744 post

289 759 608 843 trecentesimum
637 783 681 838 ae
713 751 962 837 millesimum
1002 777 1152 864 annum
1181 792 1203 846 a

283 886 510 973 Christiano
543 882 696 989 Natali,
729 905 768 965 et
800 881 987 967 clientelis
1020 887 1202 974 adhibitis

283 1016 437 1098 cunctis
453 1078 464 1114 ‚
483 1036 523 1095 et
544 1011 722 1094 omnium
757 1012 974 1095 amicorum
1006 1006 1204 1123 factione,

282 1165 322 1225 et
342 1143 388 1225 iis
410 1142 552 1247 rebus,
573 1168 673 1254 quae
694 1136 846 1221 fueraut
875 1170 894 1222 a
916 1143 1200 1254 proscriptione

281 1267 488 1371 residuae,
510 1284 779 1350 convenerunt
813 1264 946 1350 e'rrules
975 1278 1073 1352 c'uus¹
1093 1300 1204 1354 exer·

281 1397 475 1524 eilmqni
496 1395 737 1479 Florentiam
770 1395 1080 1506 ingrederentur.
1103 1398 1203 1485 Flo·

281 1514 440 1610 reatinis
460 1514 643 1621 exulibus
658 1524 921 1633 erantinneti,
941 1554 1040 1643 quos
1060 1556 1200 1616 eorum

228 1648 231 1653 ’
280 1652 508 1743 calamitatis
540 1654 743 1741 misertum
764 1675 846 1757 est,
868 1652 1044 1758 Aretini,
1070 1653 1202 1738 Bono-

152 1880 155 1893 *
283 1782 455 1866 aienses*
483 1781 681 1886 Felsinei,
713 1778 1043 1892 Pistorieueeaque
1078 1779 1203 1894 pluri·

280 1908 333 2017 mi
352 1924 517 1995 summo
551 1937 645 1994 cnm
679 1907 859 1989 omnium
893 1905 1121 1989 militarium
1143 1909 1204 1993 in·

229 2110 231 2115 .
280 2046 593 2135 strumentorum
616 2058 829 2152 apparatu3
850 2033 921 2152 qui
942 2063 1035 2119 com
1057 2036 1204 2152 impro·
1256 2015 1261 2038 l

281 2164 366 2248 vise
382 2164 632 2250 Florentium
666 2165 946 2277 oppressissent
974 2161 1045 2248 bac
1078 2164 1140 2248 de·
1161 2195 1203 2249 re

283 2292 447 2374 minime
481 2295 602 2375 factos
640 2293 848 2397 certiores,
882 2278 1072 2377 continuo
1103 2295 1197 2379 Flo·

283 2421 429 2506 r'en'tiae
450 2434 601 2530 portant
623 2446 741 2505 unam
762 2420 1037 2539 occuparunt,
1057 2445 1096 2504 et
1117 2453 1204 2536 par·

282 2569 361 2637 tem
395 2531 560 2638 ciuitatis
593 2548 634 2634 iu
667 2542 910 2663 deditionem
941 2564 1203 2661 acceperunt,

281 2673 518 2787 fugientibus
538 2678 718 2787 eunetis,
739 2668 820 2769 Sed
842 2704 935 2763 cum
957 2708 997 2763 se
1018 2679 1127 2793 ipsos
1161 2680 1210 2764 in-

278 2823 408 2888 tutum
430 2806 535 2888 eires
551 2807 797 2919 recepissent,
814 2805 1089 2924 populumque
1104 2807 1198 2893 fuis·

278 2932 362 3016 sebi
381 2930 571 3020 fautorem
606 2933 796 3045 assecuti,
816 2963 937 3052 quem
970 2956 1008 3037 et
1043 2934 1194 3019 bottan-

276 3054 354 3163 do,
375 3082 414 3146 et
437 3060 632 3171 rogando,
652 3085 691 3147 et
713 3060 937 3171 pollicendo
971 3062 1012 3145 in
1045 3085 1199 3145 senten·

282 3185 376 3270 tiam
391 3208 595 3295 traxerant,
616 3185 977 3305 beneficiorumque
990 3186 1202 3274 allexerunt

152 3416 155 3421 Ι
285 3314 581 3424 magnitudine,
614 3320 862 3430 reassumptis
884 3319 1054 3423 viribus,
1078 3341 1199 3434 atque

283 3444 432 3552 animis,
454 3458 587 3558 magna
613 3447 729 3531 manu
752 3446 878 3555 fecere
898 3449 938 3530 in
953 3444 1100 3552 exules,
1121 3447 1197 3531 iam

283 3598 383 3688 perte
406 3574 705 3687 triurnphantes,
725 3576 932 3689 impetum,
951 3603 1198 3690 coegereque
1272 3620 1275 3625 ·

152 3752 198 3825 ῃ
282 3693 369 3784 illos
390 3702 519 3790 redire
549 3705 589 3790 iu
611 3702 807 3814 tenebras,
836 3705 1024 3823 equibus
1053 3732 1207 3826 coepe·¹
