3000 4852
443 501 551 588 luere
572 504 709 618 ingrati
729 500 944 588 Florentini
963 500 1056 619 (t),
1076 499 1147 618 qui
1167 529 1259 586 eum
1291 535 1357 594 ex·

442 631 652 742 pulerunt,
673 665 691 716 a
714 664 796 750 quo
817 630 1033 714 fuissentin
1054 660 1212 714 omnem
1234 633 1359 721 virtu·

442 781 521 843 tem
541 760 786 868 confirmati,
806 791 924 877 quam
953 758 1098 843 fuerint
1129 761 1171 843 itt
1199 762 1356 874 Lycur·

396 975 400 981 ,
442 917 535 996 gnrn
556 889 903 992 Lacedaemonii‚a
923 888 1068 1003 quibus
1088 910 1166 972 tam
1188 889 1358 999 praecla-

439 1046 499 1100 ras
519 1021 754 1129 accepissent
776 1018 890 1129 leges,
911 1047 1035 1132 quem
1055 1039 1094 1100 et
1113 1015 1359 1130 expulerunt,

440 1170 481 1230 et
515 1145 711 1259 lapidibus
745 1147 895 1230 iniectis
929 1143 1046 1231 oculo
1081 1147 1358 1258 privaverunt,

440 1303 559 1386 quam
579 1274 619 1356 in
641 1272 864 1358 Africanum
882 1273 1058 1387 Romani,
1078 1272 1120 1356 in
1143 1271 1356 1384 Athallam,
1415 1327 1419 1333 ·

437 1399 485 1481 -in
505 1400 765 1487 Ciceronem.
785 1399 864 1486 Sed
885 1403 1109 1484 omittamus
1140 1401 1354 1485 eiuscemo-

440 1525 483 1606 di
498 1527 752 1635 crudelitatis,
765 1554 802 1612 et
816 1518 1260 1640 ingratitudinia'geneta.
1279 1529 1355 1612 Re·
1399 1561 1401 1566 ·

431 1654 593 1740 deamus
613 1657 662 1741 ad
686 1660 865 1762 Dantem,
880 1681 917 1741 ct
931 1655 1092 1773 quando
1106 1654 1195 1741 facti
1209 1686 1346 1741 sumna

437 1788 632 1895 certiores,
642 1788 786 1903 quibus
806 1789 955 1890 causis,
976 1814 1095 1900 quam
1109 1785 1255 1900 iniquis
1268 1786 1349 1871 eiu·

433 1940 521 1999 ctus
541 1918 590 2000 sit
612 1947 633 1998 e
655 1919 800 2028 patria,
821 1917 1038 1999 rideamus
1056 1913 1155 2028 quid
1175 1911 1267 1997 exul
1299 1916 1351 2002 sit

432 2066 612 2150 secutus,
633 2074 716 2158 quo
737 2041 909 2125 tolerarit
923 2043 1051 2124 animo
1063 2035 1347 2131 calamitatem.

431 2172 578 2252 Imitari
599 2201 638 2253 se
658 2172 808 2283 putavit
828 2173 1014 2282 Lysiam,
1033 2170 1101 2287 qui
1122 2179 1213 2254 cum
1240 2167 1351 2256 dice-

433 2322 541 2380 retur
575 2297 844 2406 Atheniensis,
878 2299 1039 2382 minime
1073 2295 1197 2382 fuerat
1234 2319 1349 2382 natus
1427 2401 1429 2405 y

433 2424 610 2533 Athenis,
626 2426 978 2541 Pythagoramque,
997 2426 1089 2541 qui,
1121 2423 1345 2510 cuiusmodi

428 2580 645 2661 vocaretur,
660 2587 738 2663 non
760 2580 857 2640 esset
872 2543 1168 2666 SamiusssQnod
1188 2555 1219 2636 si
1234 2551 1346 2639 Plato

429 2684 677 2767 Academiam
699 2688 921 2798 praeposuit
944 2683 1131 2790 Athenis,
1151 2712 1272 2799 quem
1304 2707 1347 2772 et

427 2811 589 2897 Polemo
608 2837 777 2921 secutus,
797 2816 835 2898 'et
854 2815 1110 2920 Xenocrates,
1129 2813 1161 2896 si
1181 2811 1341 2900 videtur

458 3261 506 3346 (ι)
523 3261 547 3325 A
562 3273 640 3328 tutta
652 3261 773 3345 ragione
788 3281 936 3350 proruppe
962 3271 1067 3328 contro
1090 3261 1112 3327 l'
1124 3263 1239 3344 ingrata
1262 3257 1341 3326 cittl

427 3360 457 3424 di
470 3362 490 3423 F
493 3364 588 3426 irenae
605 3366 654 3429 nel
670 3364 764 3429 Cant.
775 3383 825 3431 xv.
836 3362 1044 3454 dell’lnserno
1056 3387 1137 3431 verr.
1151 3385 1205 3453 7¹·
1216 3363 1248 3428 in
1264 3364 1332 3451 quei

435 3467 534 3543 versi,
549 3469 601 3533 nei
612 3467 691 3556 quali
707 3466 839 3533 dichiata

636 3572 769 3658 ingrato
781 3566 901 3659 popolo
912 3565 1078 3656 maligno,

458 3667 524 3734 cte
540 3668 666 3735 discere
680 3672 718 3734 di
731 3669 861 3736 Fiesole
876 3670 916 3735 cb
932 3671 1064 3745 antico,

460 3767 491 3832 E
505 3771 589 3836 tiene
605 3791 706 3838 ancor
719 3771 774 3839 del
791 3782 918 3850 monte,
936 3794 953 3838 c
968 3769 1023 3837 del
1038 3770 1193 3858 munigno
1207 3814 1216 3834 .
