3000 4852
353 362 409 450 36

283 498 423 589 suisset
441 504 593 609 armari,
612 498 722 617 qnod
743 499 795 586 ob
821 498 862 584 id
882 501 931 586 sit
952 500 1118 587 maxime
1139 501 1193 589 sa·

284 648 395 713 etum
408 628 518 745 qnod
532 650 722 742 cuperent
734 658 781 713 ex
795 629 891 713 urbe
914 628 1057 740 Nigroe
1082 628 1202 744 pelle-

285 781 341 861 re,
356 756 672 873 patefaciuntqne
693 757 803 871 quod
825 757 1068 879 instituerant
1101 753 1201 839 nihil

282 908 389 990 esse,
421 914 504 999 quo
543 906 669 996 posset
702 881 806 968 nilus
839 887 978 998 queri,
1011 885 1098 994 pa'ei
1131 912 1200 990 se,

282 1010 486 1128 quietique
526 1011 692 1096 voluisse
738 1011 972 1120 consuler03
1011 1009 1199 1122 petebant

282 1164 376 1247 ergo
408 1165 453 1225 ut
485 1138 751 1250 plecterentur
784 1136 903 1242 Albi,
943 1139 1012 1253 qui
1053 1161 1199 1222 temere

286 1293 392 1348 arma
439 1266 723 1378 sumpsissent,
762 1265 989 1377 cogitassent
1033 1265 1200 1348 civitatis

282 1394 458 1510 quietem
489 1399 749 1481 conturbare.
770 1394 944 1481 Consule
977 1418 1073 1480 tune
1093 1395 1196 1478 Dan·

279 1546 344 1630 te,
362 1525 555 1638 principes
585 1523 636 1606 ad
668 1554 708 1606 se
729 1523 901 1636 primum
921 1524 1106 1608 secessim
1125 1554 1197 1634 po·
1314 1524 1325 1535 ’“

281 1648 404 1773 pulo,
425 1653 588 1768 eiusque
610 1649 758 1759 turbis,
783 1650 946 1760 vigiliis,-
978 1650 1196 1735 custodiae·

281 1807 361 1893 que
395 1776 561 1863 fidentes
593 1777 747 1862 exulare
780 1781 926 1861 iussere
961 1775 1197 1884 nonnullos,

282 1931 483 2022 quotquot
503 1936 638 1990 earum
659 1904 871 1995 factionum
892 1934 972 1989 esse
1005 1905 1194 1990 viderunt

286 2037 447 2148 primos,
466 2058 510 2118 ut
530 2035 720 2146 percussis
740 2036 971 2148 pastoribus,
991 2035 1199 2117 universus

282 2191 373 2272 grex
391 2160 665 2273 dissiparetur.
685 2163 823 2275 Itaque
843 2160 931 2244 iacti
952 2185 1043 2244 sunt
1062 2159 1196 2244 exules
1247 2176 1250 2183 '

287 2318 335 2374 ex
354 2291 426 2393 iis,
447 2292 516 2405 qui
550 2321 590 2372 se
616 2289 756 2400 Nigros
778 2288 1027 2395 fatebantur,
1046 2287 1116 2403 qui
1138 2289 1197 2370 in·

281 2416 466 2501 consuitis
482 2417 721 2529 principibus
735 2417 1003 2499 convenissent
1016 2416 1053 2497 in
1070 2414 1199 2498 consi·

287 2542 399 2656 lium,
413 2548 560 2634 corsus
574 2541 838 2658 Donatus(t),
852 2546 997 2630 Genius
1011 2544 1196 2656 Spinius,

330 2949 379 3041 (t)
389 2949 426 3014 oi
436 2947 531 3013 eostui
541 2948 567 3011 si
577 2947 659 3033 legge
672 2969 711 3013 nn
723 2949 804 3015 bello
815 2946 910 3032 elogio
920 2943 1037 3030 fattogli
1048 2941 1198 3011 datt’tm.

289 3053 400 3118 musto
413 3048 462 3143 nel
478 3048 516 3116 T.
531 3071 553 3116 t.
568 3046 665 3115 Part.
680 3072 703 3117 t.
715 3072 791 3140 pag.
813 3067 850 3113 er
862 3070 887 3112 t.
903 3049 935 3111 in
950 3050 1105 3113 occasione
1118 3045 1197 3110 d'cs-

284 3176 347 3220 tere
362 3164 441 3220 stato
454 3152 601 3242 presc'elto
616 3153 646 3215 di
661 3153 771 3216 recursi
785 3173 838 3239 per
853 3149 910 3214 ben
936 3147 1015 3214 della
1042 3149 1158 3225 Patria,
1178 3169 1197 3212 e

277 3254 404 3321 deitati
419 3252 458 3318 lei
472 3256 571 3341 quiete
584 3251 619 3316 al
633 3251 711 3319 Sem.
728 3253 815 3316 Pont.
841 3247 994 3316 Bonifatio
1012 3257 1094 3327 vitu,
1122 3271 1196 3336 per·

287 3353 409 3422 eiocehc
425 3379 490 3421 non
505 3377 563 3421 era
579 3376 671 3421 uento
686 3356 720 3417 in
735 3352 837 3440 quelli
853 3355 954 3441 tempi
969 3352 1005 3414 in
1022 3349 1053 3414 T
1049 3371 1196 3429 osenna,

287 3455 347 3522 clte
358 3452 417 3546 piri
427 3456 521 3545 sesae
535 3455 703 3545 eloquente
727 3453 764 3518 di
790 3452 862 3531 lui,
891 3450 932 3515 aa?
961 3449 1020 3516 che
1042 3451 1195 3537 maggior

287 3558 419 3647 pratiea
433 3577 545 3623 ncesse
559 3557 653 3647 degli
662 3553 773 3633 Stati,
788 3580 805 3623 e
819 3553 911 3620 delle
925 3550 1019 3617 Certi
1032 3551 1088 3616 del
1103 3571 1192 3615 morr-

289 3657 334 3723 de
341 3704 352 3737 ‚
368 3657 408 3723 ne*
423 3659 457 3722 in
472 3661 525 3721 eui
539 3678 747 3725 concorressc
761 3678 853 3749 eper
867 3651 994 3722 nobiltci
1007 3700 1018 3730 ,
1033 3675 1053 3718 e
1060 3671 1121 3742 per
1135 3671 1195 3717 co-

212 3813 218 3827 .
288 3777 323 3822 se
328 3754 425 3848 fatte
438 3779 504 3824 una
518 3762 668 3848 maggior
689 3758 918 3851 ripatorium,
935 3778 953 3825 e
976 3746 1123 3821 auteritti
1132 3797 1144 3832 ,
1162 3750 1197 3822 le
