3000 4852
980 398 1049 453 101

216 515 486 628 rationemque
506 507 663 616 afferoe3
684 511 828 624 quibus
849 512 931 624 ipse
954 506 1126 620 discipli·

207 642 301 749 nis,
333 641 433 725 etin
455 637 591 750 primis
625 636 811 751 theologia
840 667 949 723 suam
970 639 1124 719 ornavit

213 767 417 880 poeticam,
436 774 791 879 suumque‘poema
812 764 944 848 effecit
960 762 1124 876 plenius,

209 921 248 982 et
269 899 389 1008 magis
414 892 579 999 efficax,
597 925 641 978 ac
661 893 776 980 lande
798 897 960 1006 dignum
981 890 1061 1008 (ι),
1082 919 1125 976 ut

260 1297 309 1387 (ι)
322 1299 365 1364 nu
378 1296 479 1366 insani
493 1321 534 1365 nn
547 1296 622 1384 gran
637 1298 801 1381 Teologn,e
812 1298 839 1364 le
854 1313 960 1365 tresue
974 1293 1118 1363 Cantiehe

220 1418 272 1485 per
288 1400 349 1466 tale
364 1400 410 1467 cel
425 1401 629 1486 dimostrano,
644 1425 660 1467 e
675 1402 706 1471 la
721 1421 772 1466 sua
792 1402 925 1468 dottrina
936 1399 986 1465 nel
1001 1402 1124 1491 Dnnnma

220 1499 237 1560 ἑ
253 1521 345 1580 tana,
361 1490 531 1571 sanissimi.
545 1500 622 1570 Non
637 1505 681 1568 mi
691 1525 775 1588 pare
785 1500 839 1568 etei
853 1513 968 1592 questa
982 1512 1098 1565 nostra
1110 1543 1120 1575 ,

219 1596 278 1668 che
294 1604 403 1694 voglio
412 1605 470 1697 pizi
485 1619 688 1697 comportare
714 1603 748 1670 d’
760 1625 868 1670 essere
892 1603 1123 1669 addottrinata

219 1703 273 1769 sul
284 1729 400 1797 poema
414 1710 453 1775 di
466 1708 578 1775 Dante
604 1710 639 1774 in
663 1719 787 1799 quanto
812 1707 1018 1798 appamiensi
1047 1701 1121 1767 alla

208 1806 348 1896 facoltd
363 1812 547 1901 teologicn,·
563 1811 625 1877 cosi
650 1812 682 1874 in
707 1832 747 1874 un
772 1811 908 1875 Discorso
928 1807 1003 1873 sulla
1018 1807 1126 1870 Divina

217 1908 388 1978 Commedia
404 1915 469 1998 Vgo
495 1913 619 1980 Foscoln
649 1924 757 1977 vennto
782 1915 813 1977 in
838 1913 903 1977 lnce
930 1914 961 1974 in
988 1908 1123 1977 Londra

216 2009 267 2074 nel
287 2014 378 2080 1825.
390 2037 450 2106 per
464 2012 651 2104 Guglielmo
664 2010 845 2102 Piclzering
860 2015 895 2075 in
911 2012 942 2076 8.
951 2031 1037 2102 ρας,
1049 2009 1122 2095 264.

217 2111 270 2177 Ma
285 2135 341 2180 con
356 2118 437 2204 quali
452 2116 528 2183 altre
550 2115 706 2180 dottrinei
721 2115 783 2179 Che
799 2119 809 2179 i
825 2115 941 2180 Domini
961 2115 1126 2180 inconcussi

217 2213 249 2278 di
263 2231 363 2284 nostra
379 2221 473 2283 Santa
487 2219 563 2282 Fede
577 2235 652 2282 sono
666 2215 826 2298 cangiabili
846 2236 930 2282 come
957 2217 986 2281 le
1010 2218 1124 2283 mode?

218 2315 336 2394 Quanto
350 2319 408 2402 egli
424 2317 499 2385 fosse
514 2321 601 2384 dotto
615 2319 648 2380 in
673 2339 736 2382 essa
760 2315 872 2384 [anniti
899 2319 1057 2402 Teologica
1081 2321 1127 2384 cei

219 2413 364 2494 (lichiam,
379 2416 455 2482 oltre
471 2417 557 2482 molti
570 2417 653 2496 altri,
666 2417 690 2481 ii
705 2418 736 2481 Ρ.
752 2418 832 2482 Gian
849 2419 980 2486 Lorenzn
1003 2419 1082 2486 Berti
1097 2425 1128 2486 in

216 2518 314 2605 quelle
326 2531 371 2582 tre
386 2541 437 2583 sue
451 2518 653 2587 dissertazioni
667 2519 755 2586 sulla
771 2519 930 2585 Dottrina
946 2514 1122 2611 Teologica

220 2630 394 2686 contenuta
408 2617 500 2687 nella
513 2618 638 2687 Divina
652 2621 840 2688 Commedia
855 2640 901 2687 ec.
916 2619 952 2685 L’
964 2642 1023 2686 una
1038 2624 1054 2686 ὲ
1070 2644 1120 2686 so-

217 2743 271 2811 pra
284 2722 306 2802 l'
317 2719 472 2814 Ιψνηο,
489 2720 510 2786 l'
523 2721 598 2786 altra
613 2744 699 2811 sopra
714 2723 737 2789 il
753 2721 956 2811 purgatorio
967 2768 981 2800 ,
992 2749 1009 2788 e
1022 2723 1051 2789 la
1067 2736 1129 2788 ter-

215 2845 249 2888 na
263 2846 349 2913 sopra
365 2825 389 2889 il
403 2821 574 2890 Paradiso
582 2870 593 2901 ,
609 2847 625 2887 e
640 2836 718 2889 tutte
734 2838 778 2890 tre
794 2837 900 2889 stanno
930 2829 962 2889 in
992 2825 1051 2889 fine
1077 2826 1141 2891 dei

216 2924 282 2991 Vol.
298 2951 343 2991 111.
361 2925 439 2990 della
466 2927 550 2990 sudd.
575 2924 743 2990 Commedia
773 2929 911 3011 impressa
929 2929 959 2989 in
979 2927 1011 2993 V
1011 2932 1125 3001 enezia

210 3045 272 3110 per
287 3027 433 3091 Antonio
444 3027 550 3092 Zatta
567 3025 660 3114 1753.
672 3027 707 3090 in
723 3025 752 3108 4.
769 3025 836 3089 Cosi
852 3049 923 3112 pure
940 3028 971 3087 in
987 3029 1038 3111 pin
1056 3028 1120 3091 inn-

210 3124 260 3207 ghi
276 3131 299 3191 si
315 3131 445 3215 protestn
460 3128 536 3194 delle
563 3153 611 3194 suc
628 3151 715 3216 opere
741 3128 763 3192 1’
775 3128 923 3192 immortal
948 3127 1072 3206 Salvini,
1104 3152 1119 3192 e

213 3231 420 3316 speciaimente
446 3233 475 3294 in
491 3255 529 3298 un
547 3236 693 3320 principio
709 3234 738 3296 di
754 3256 793 3296 un
820 3252 871 3294 suo
895 3229 1031 3315 Capitoli)
1058 3254 1109 3297 ms.

213 3356 313 3422 presso
327 3336 356 3398 di
374 3356 430 3411 me,
445 3339 549 3401 scritto
579 3337 610 3400 di
641 3335 712 3399 viiia
742 3335 770 3398 al
798 3336 834 3398 Ι).
849 3334 1008 3398 francesco
1025 3333 1117 3413 Redi,

214 3436 268 3501 che
283 3439 368 3503 dice:

242 3539 326 3604 Redi
341 3539 486 3626 gentile,
503 3565 538 3604 re
552 3541 602 3606 de’
617 3541 875 3630 galantnomini‚

289 3641 332 3706 Se
348 3641 450 3705 volete
467 3664 562 3731 saper
578 3642 615 3705 la
631 3646 699 3708 vita
710 3645 799 3718 mia,

286 3741 472 3808 Studiando
490 3743 522 3805 ἱο
540 3756 591 3806 sto
607 3742 700 3830 iungi
713 3743 757 3806 da
773 3745 851 3809 tutti
864 3744 915 3833 gli
931 3745 1053 3812 nomini
1068 3776 1082 3826 ‚-
