3000 4852
537 338 547 375 i

527 468 531 473 .
1069 396 1145 489 Μ’]

297 508 356 586 tet
376 506 486 615 1579.
496 504 540 584 iu
558 508 594 601 4.
608 505 637 580 it
654 507 756 610 lungo
773 523 966 586 attenuato
982 511 1044 586 nel
1063 510 1216 611 soprad·.

296 622 558 712 darantasia,
574 643 641 695 ove
658 619 727 718 egli
746 620 839 717 sfoga
858 623 892 696 la
910 648 970 695 sua
985 621 1217 697 maldicenaa

295 749 420 810 contro
436 736 565 810 Dante.
590 734 700 828 Quiri
729 734 799 833 egli
817 759 908 838 pone
930 748 983 806 tra
1004 736 1017 806 i
1034 733 1216 809 Genovesi

301 848 438 922 illustri
454 847 591 920 Brunca
607 846 741 936 Doria,
758 846 818 920 del
833 845 938 949 quale
953 841 1025 920 cosi
1054 846 1211 943 regiona:

301 957 420 1034 Nemo
432 971 526 1058 puto
555 955 816 1054 indignabitur
844 981 909 1030 nos
925 955 1111 1030 Brantam
1135 955 1217 1028 Au·

298 1076 420 1164 riam,
437 1072 600 1171 quamvis
617 1074 734 1143 nuliis
752 1069 858 1144 rebus
877 1077 1003 1168 gestis,
1020 1092 1115 1168 quae
1130 1075 1213 1168 qui·

294 1183 378 1257 dem
391 1194 430 1256 in
444 1183 616 1256 notitiam
632 1194 796 1256 nostram
814 1184 979 1256 venerint
995 1185 1152 1272 alarum,
1165 1187 1216 1252 ai·

294 1300 456 1371 tissimae
483 1309 607 1369 tamen
626 1291 812 1395 fortunae
840 1291 1032 1394 splendore
1064 1316 1209 1393 eonspe-

298 1421 400 1482 ctum
416 1409 562 1482 silentio
578 1430 650 1480 non
665 1409 902 1505 praeteriisse
904 1455 1207 1477 ...........

292 1516 461 1595 Branaae
489 1523 610 1618 igitur
638 1517 783 1590 Auriae
815 1519 1010 1588 immensae
1038 1536 1134 1613 opes,
1164 1539 1208 1586 aa

292 1656 434 1706 summa
449 1631 615 1730 dignitas
628 1627 743 1732 fuit,
771 1633 837 1731 qui
854 1639 1056 1704 maximam
1077 1625 1208 1701 Sardi-

289 1747 376 1818 niae
386 1757 559 1844 partem,
575 1743 748 1832 urbium,
764 1747 1012 1832 castellorum,
1029 1744 1203 1830 vicorum,

292 1862 369 1931 late
375 1860 785 1956 patentiumregionnm
797 1858 989 1929 detminata
1002 1860 1205 1957 occuparit,

291 1969 341 2044 ad
360 1985 577 2071 tantamque
592 1973 797 2071 potentiam
812 1990 855 2041 ea
872 1972 912 2041 in
929 1967 1063 2047 Insula
1076 1991 1202 2069 perte·
1266 1980 1267 1987 ’

287 2085 389 2154 nerit
402 2135 414 2172 ,
428 2095 473 2154 ut
489 2086 652 2154 omnium
669 2103 796 2156 rerum
812 2079 953 2156 arbiter
977 2106 1020 2155 aa
1038 2081 1203 2154 modern·

283 2207 343 2265 tor
360 2192 492 2267 Sardis
514 2185 603 2292 ipsis
625 2192 857 2294 stupentibus
875 2197 1020 2293 regium
1037 2198 1195 2269 titulum

285 2302 472 2376 aCaesare
480 2306 1115 2408 petierit‚impetraturusquefuisse
1127 2330 1204 2379 are-

284 2414 424 2502 datur,
452 2417 489 2483 ni
509 2413 599 2484 dum
617 2439 675 2485 res
695 2440 761 2485 suo
780 2422 963 2489 molimine
985 2428 1108 2510 gravis
1126 2442 1195 2491 ex·

285 2523 454 2597 trahitur
462 2519 721 2622 fatofunatus
734 2543 839 2596 esset.¹
853 2525 925 2600 Hic
939 2539 995 2597 est
1007 2531 1069 2598 iiie
1083 2526 1204 2599 Bra-n·
1313 2595 1316 2599 .
1404 2501 1408 2508 Ι

280 2659 366 2727 aas,
393 2658 501 2737 quem
528 2634 679 2708 celebris
715 2641 874 2708 nominis
911 2652 1030 2737 poeta>
1049 2638 1204 2711 'Dantes

280 2751 381 2851 apud
392 2747 541 2850 Inseros
555 2759 665 2821 etiam
683 2753 861 2822 viventem
875 2756 972 2825 tonat
984 2751 1194 2849 cupiditate
1232 2780 1247 2785 -

280 2865 480 2938 ulciscendi
494 2863 632 2937 doloris
652 2855 727 2935 alte
740 2867 858 2936 animo
871 2865 1067 2936 insidentis
1081 2863 1122 2936 ob
1136 2869 1193 2937 in·

279 2981 419 3073 signem
431 2988 616 3073 acceptam
628 2979 885 3048 contumeliam
910 2979 950 3047 in
977 2972 1197 3072 tantumfu-

281 3110 400 3160 rorem
410 3101 615 3185 proventus.
629 3087 774 3159 Dantes
785 3090 896 3179 enim,
908 3088 949 3160 id
964 3085 1065 3184 quod
1081 3089 1200 3158 incor-

275 3203 396 3297 ruptis
417 3204 610 3270 vetustatis
626 3196 851 3270 documentis
868 3213 1025 3286 constat,
1039 3184 1127 3269 vitio
1140 3201 1195 3267 in·

280 3310 375 3407 genii
393 3305 582 3379 vehemens
591 3323 627 3380 et
641 3313 830 3410 impotens,
843 3310 894 3381 ad
906 3309 974 3383 itoa
980 3306 1195 3408 factionum

277 3420 424 3509 studiis,
436 3433 473 3491 et
490 3420 679 3493 indomitis
693 3427 807 3496 animi
821 3420 1108 3522 permotionibus
1126 3444 1196 3492 sae-

274 3558 321 3632 pe
340 3555 457 3632 usque
474 3530 524 3603 ad
541 3536 722 3606 insaniam
742 3539 822 3632 rapi
840 3540 970 3608 solitus
983 3535 1008 3621 ,'
1023 3533 1128 3607 haud
1145 3557 1197 3605 se-

276 3667 359 3717 eum
378 3657 553 3742 reputans
574 3659 713 3742 quanto
726 3669 809 3717 curn
822 3654 988 3746 periculo
1007 3656 1130 3743 magni
1148 3670 1197 3718 rt-
