3000 4852
1064 396 1076 446 ι
1094 396 1105 446 t
1122 397 1135 449 t

286 493 385 613 g'ttri
401 503 651 621 Eloquentia
672 503 746 589 hoo
760 506 1015 618 principimV
1015 525 1033 589 t
1050 506 1200 590 Romo·

287 641 342 710 tto
369 631 517 749 lingua
537 639 582 720 itt
602 654 737 720 totum
759 648 820 717 est
841 637 981 717 orbem
1003 635 1198 718 nobilita·

285 773 330 841 la
350 778 572 870 terrarum,
591 770 652 848 itu
667 771 799 850 nostri
817 767 991 872 cupiunt
1012 763 1201 847 nobilita-

284 916 330 967 re
351 921 490 996 suam;
505 911 806 1007 proptereaque
828 889 1038 1000 difficilius
1052 907 1111 973 est
1132 893 1199 974 lto·

279 1009 351 1097 dte
361 1035 476 1102 reete
490 1036 633 1113 nostra
647 1050 772 1136 ortam
787 1020 1064 1132 peritelatiua
1080 1019 1200 1129 qiud-

260 1137 263 1141 *
283 1146 409 1259 quam
441 1145 580 1231 duem
598 1145 694 1268 (t).
728 1147 872 1232 Edidit·
890 1171 927 1229 et
947 1138 1124 1256 epistolas
1145 1147 1202 1226 in·

278 1547 399 1637 quello,
414 1556 471 1626 che
487 1562 628 1648 glisione
642 1563 877 1630 indebitamente
891 1551 1069 1629 attribuito:
1085 1554 1197 1621 secolo:

279 1650 429 1725 Omnium
439 1658 700 1760 lominum,quos
714 1667 762 1733 ad
776 1687 918 1732 autorem
930 1662 1083 1732 veritatis
1096 1670 1193 1722 uatu-

280 1772 323 1859 ra
336 1764 485 1850 superior
500 1769 666 1865 impressit
673 1817 686 1850 ,
701 1768 761 1837 loe
778 1768 921 1833 maxime
934 1759 1190 1831 iuteresseuide·

281 1865 348 1936 ΜΓ,
365 1875 402 1928 ut
415 1872 681 1954 quemadmodum
690 1873 732 1938 de
743 1870 856 1938 labore
870 1868 1077 1954 antiquorum
1087 1863 1190 1927 ditati

281 1960 384 2043 sum,
400 1967 498 2038 itaet
513 1976 577 2066 ipsi
590 1997 654 2067 pro
670 1978 815 2067 posteris
841 1972 1015 2048 laborent,
1029 1980 1186 2057 quatenus

289 2062 332 2130 ab
342 2068 391 2131 eit
403 2079 586 2162 posteritas
601 2077 718 2146 habeat
731 2101 793 2167 quo
807 2076 931 2144 ditetur
945 2097 991 2143 ec.
1007 2059 1033 2138 Ε
1048 2091 1155 2137 ancora
1170 2090 1188 2134 ³

278 2164 437 2240 ¹sillettersi
447 2223 460 2256 ,
475 2176 532 2244 che
547 2182 616 2248 Gio.
642 2183 755 2248 Villani
780 2179 834 2257 nel
856 2176 1021 2246 ricordatlo
1046 2172 1094 2240 ch'
1106 2176 1133 2236 ei
1162 2171 1193 2237 fa

286 2267 337 2332 nel
351 2271 423 2342 Lib.
438 2297 480 2345 tx.
496 2280 579 2372 Cap.
599 2281 681 2368 134„
696 2281 720 2348 ε’
732 2285 856 2369 esprime
882 2282 915 2346 in
939 2282 1021 2363 guise
1043 2274 1093 2340 dal
1108 2276 1195 2341 risol-

282 2376 362 2438 verci
376 2397 394 2440 a
408 2383 528 2447 eredere
544 2407 637 2450 essere
653 2384 884 2451 assolutamente
894 2404 952 2448 ana
964 2380 1087 2448 solenne
1097 2382 1195 2468 impo-

287 2487 387 2541 stura:
404 2479 507 2547 Forse
522 2483 550 2547 il
564 2508 622 2550 suo
633 2486 743 2553 Esilio
753 2533 764 2565 ,
793 2485 856 2551 cosi
885 2485 942 2568 egli
968 2486 1054 2560 dice,
1072 2483 1186 2573 iifeae

279 2577 356 2665 fare
386 2579 635 2663 laMonarchla,
665 2608 721 2651 ore
750 2577 824 2651 con¹
848 2584 920 2651 alto
950 2584 1056 2649 latino
1087 2584 1190 2648 tratti

279 2681 360 2748 dell’
371 2684 489 2772 Officio
502 2686 558 2752 del
573 2685 693 2778 Papa,
710 2712 727 2752 e
754 2686 843 2775 degi
856 2686 1060 2778 Imperadori
1072 2729 1080 2750 .
1097 2686 1120 2749 E
1134 2684 1189 2749 che

279 2782 318 2849 ha
332 2784 388 2850 ehe
403 2785 466 2852 lare
481 2788 506 2852 sl
522 2787 600 2855 fatto
614 2803 785 2873 argomento
801 2788 879 2855 colla
908 2791 1060 2877 questione
1076 2835 1084 2862 ,
1115 2787 1194 2853 della

279 2888 365 2974 quale
380 2909 441 2953 eon
457 2888 489 2952 si
504 2891 601 2957 basso
616 2892 723 2958 latino
738 2905 830 2957 tratta
846 2892 884 2957 da
899 2896 973 2979 capo
1003 2914 1021 2956 a
1052 2889 1144 2957 fondo
1169 2891 1192 2956 il

279 3001 419 3073 supposta
435 3002 574 3057 trattato:
585 2993 640 3056 Au
656 2997 840 3058 auctoritas
855 2992 1057 3058 Monarcltae
1067 2992 1187 3083 depen-

284 3087 362 3151 deat
377 3112 398 3152 a
414 3090 485 3156 Deo
502 3095 698 3170 immediate,
714 3093 764 3158 vel
779 3096 820 3160 ab
837 3095 906 3158 alio
922 3094 986 3157 Det
1014 3092 1185 3167 Ministro,

281 3216 336 3256 seu
355 3191 516 3258 Viemio?
531 3194 639 3272 Questn
656 3193 831 3276 tillessione,
848 3196 941 3285 finqul
957 3198 994 3258 da
1017 3196 1088 3258 niun
1102 3191 1190 3283 latta,

287 3292 361 3380 epil
372 3291 427 3357 che
443 3293 616 3372 valevole,a
630 3318 713 3384 parer
726 3300 795 3376 mio,
808 3320 824 3362 a
837 3319 959 3385 purgare
971 3295 992 3358 il
1007 3308 1107 3359 nostro
1121 3317 1193 3384 poe-

283 3407 313 3460 ta
328 3396 366 3460 da
380 3393 406 3457 sl
423 3394 502 3473 vile,
520 3419 536 3458 e
551 3399 744 3479 ignominiosa
757 3399 853 3462 taceia
867 3397 967 3462 d’aver
985 3418 1036 3483 per
1052 3399 1192 3460 vendetta

281 3500 420 3576 cangiato
436 3495 465 3559 la
480 3518 530 3560 sna
546 3498 680 3580 religiosa
696 3503 776 3586 pisti
801 3523 853 3587 per
870 3497 915 3563 fat
940 3513 1012 3566 outa
1029 3497 1058 3562 al
1074 3499 1186 3563 Partito

284 3597 414 3674 Caelio,
431 3619 447 3660 a
463 3600 510 3661 eui
527 3599 584 3680 egli
601 3603 630 3661 in
646 3606 746 3665 avanti
761 3615 960 3687 appartenea.

312 3705 359 3790 (t)
378 3703 403 3765 ll
418 3700 497 3764 libro
512 3745 522 3777 ‚
539 3698 594 3762 che
611 3700 806 3764 attualmente
834 3723 917 3767 corte
940 3714 1018 3767 sotto
1033 3714 1136 3788 questo
1151 3704 1185 3769 ti-
