3000 4852
189 507 315 592 ciem.
336 499 542 591 ⁴Videatur
574 496 681 616 qnod
702 499 751 582 sit
772 499 977 611 Megaerae
1003 493 1092 581 offi-

191 635 308 737 cium,
328 626 426 748 qnid
440 625 655 740 Tisiphone
668 629 809 737 cupiat,
818 625 916 741 quid
929 654 1092 741 exequa-

188 783 251 843 tur
284 760 446 862 Alecto,
469 763 550 839 eur
569 784 632 838 eas
651 785 698 839 ex
718 753 876 858 Erebo,
906 775 944 835 et
965 751 1093 862 Noetu

191 889 417 997 progenitas·
431 906 566 996 poetae
582 879 821 966 fabulentur.
842 878 964 992 Quod
979 877 1096 962 deni·

181 1041 262 1128 qne
274 1015 402 1097 'aoeins
417 1011 658 1124 impunitum
678 1009 785 1120 apud
805 1007 908 1092 huno
927 1005 1090 1118 legetur-,-

184 1163 229 1224 nt
248 1164 462 1247 terreantur
490 1136 610 1220 mali?
643 1134 722 1219 Ant
743 1163 842 1250 quae
870 1136 991 1219 virtus
1011 1164 1092 1218 nou

185 1267 311 1379 dignis
343 1269 483 1350 donata
504 1264 709 1378 praemiis,
742 1285 785 1346 ut
805 1261 880 1347 sibi
901 1257 1095 1373 gaudeant

187 1396 307 1480 boni?
341 1400 480 1486 Poetae
521 1421 759 1508 veroquam
780 1392 882 1475 bene
909 1391 971 1474 de
1004 1389 1092 1477 Deo

184 1555 356 1639 semper
365 1526 576 1630 senserint,
616 1520 783 1606 declaret
804 1519 1005 1632 Virgilius,
1024 1521 1095 1637 qni

192 1642 344 1736 nerium
357 1685 438 1738 esse
458 1655 587 1742 Deum
609 1647 879 1731 affirmavit
832 1648 1082 1760 inquient:

216 1775 390 1870 Principio
401 1779 524 1857 eoelum
538 1797 586 1864 ue
594 1787 702 1844 terras
717 1794 910 1865 camposque
925 1773 1088 1864 liquentes

218 1878 390 1987 Spiritus
376 1897 464 1949 antur
478 1883 543 1949 alit
555 1889 728 1970 ,totosque
743 1878 857 1967 infusa
869 1897 974 1998 per
943 1889 1038 1942 artus

221 1974 324 2051 Meus
332 1987 441 2074 agitat
455 1986 596 2062 circum,

187 2076 270 2181 sed
278 2100 353 2182 Dei
377 2096 502 2182 filium
518 2086 744 2182 vaticinatus
759 2119 816 2180 est
832 2097 871 2181 in
885 2086 1005 2180 terras
1018 2124 1096 2181 esse

183 2225 409 2335 venturum,
425 2226 529 2310 illico
548 2225 691 2312 diceus:
997 2248 998 2251 ’
1073 2210 1078 2245 ³

218 2351 292 2420 Iam
307 2353 394 2418 redit
408 2364 440 2419 et
455 2356 556 2442 virgo,
572 2354 706 2421 redeunt
720 2352 884 2426 Saturnia
900 2361 1020 2445 regna}

171 2456 429 2566 ›et'deineeps
453 2460 620 2574 reliqna.
641 2463 793 2546 Omitto
812 2483 850 2542 et
871 2461 1089 2544 Homerum

185 2600 311 2668 vatem
335 2583 448 2669 fuisse
475 2605 638 2693 tautum,
660 2612 703 2672 ut
723 2585 836 2698 louge
866 2600 1094 2703 anteaquam
1151 2636 1165 2659 ι

184 2711 305 2795 Roma
329 2712 562 2798 conderetur
581 2711 780 2826 (natusest
796 2715 899 2799 enim
921 2742 1011 2798 cum
1031 2713 1094 2798 Pi-

179 2864 247 2922 cus
273 2864 454 2952 regnaret
475 2844 513 2924 in
544 2841 647 2925 ltalia
667 2873 769 2928 anno
789 2870 876 2958 post
897 2843 1097 2958 captivita-

178 2984 257 3048 tem
283 2969 493 3076 Trojanern
527 2948 767 3083 centesimo)
816 2971 946 3083 longe*
979 2973 1095 3084 igitur

166 3114 287 3174 aantea
308 3093 357 3175 de
378 3096 556 3180 Romano
581 3096 765 3184 locutus
755 3101 945 3211 imperio,
959 3101 1012 3182 sie
1036 3096 1096 3181 di·

174 3220 283 3306 xerit:
305 3223 381 3333 jam
404 3247 509 3334 reget
528 3226 702 3342 imperiis
718 3229 865 3312 Aeneas
884 3232 1031 3378 Troas,
1052 3248 1092 3312 et

176 3347 290 3430 huius

223 3473 315 3543 Hinc
330 3477 403 3541 uati
416 3487 581 3556 natorum,
597 3491 629 3547 et
644 3445 699 3570 qui
713 3491 894 3548 nascentur
909 3479 951 3546 ab
965 3479 1058 3548 tttts.

157 3580 326 3663 ‘Omitto
340 3580 578 3672 etNasonern
596 3609 745 3694 poetam
760 3588 1088 3693 eruditissimum,

147 3821 150 3826 Ι
169 3708 236 3820 qni
258 3707 650 3820 omnia-dedt-Deo,
669 3713 869 3829 inquiens:
