3000 4852
282 364 500 595 anniculo
490 508 529 589 in
549 523 632 588 earu
654 501 863 612 familiam,
889 532 989 607 quse
1010 503 1195 677 delnoqtu

285 658 343 721 est
362 634 507 747 Elysea
528 631 750 749 nominata

338 759 572 847 Existimant
592 781 722 841 autent
743 753 913 866 plurimi,
934 759 1078 874 quibos
1092 774 1195 842 sunt

158 921 167 944 ⁸
280 885 597 974 Florentinornrn
618 885 762 969 domus
791 887 1036 992 notissimae,
1057 886 1197 970 diotot

280 1044 362 1098 esre
380 1015 544 1098 meimet
557 1014 640 1096 eius
661 1013 807 1122 generis
822 1011 1001 1124 Elyseos,
1013 1027 1051 1098 et
1070 1011 1193 1095 idcir

199 1180 203 1187 ·
282 1156 331 1224 co
343 1158 434 1223 stiae
447 1140 655 1251 agnationis
670 1130 905 1252 appellatum
921 1130 1190 1251 onmierly·

282 1287 396 1351 s'eom
422 1267 574 1381 ipsum,
594 1289 876 1384 proptereaque
900 1288 1188 1382 perseveratum

188 1452 204 1495 ·,
282 1393 1200 1506 inElyseorumagnominationem.Aligerireru

279 1520 403 1605 sortiti
425 1541 515 1604 suut
534 1544 719 1632 agnomen
741 1521 782 1604 id
803 1522 852 1605 ab
873 1511 1027 1634 Aligero
1059 1510 1185 1607 Chac-

207 1664 227 1740 ἶ
279 1648 445 1760 ciaguidi
478 1645 587 1753 filio,
612 1650 680 1762 qni
713 1669 806 1734 cum
838 1639 1231 1761 praestantissimus*¹¹⁴

281 1801 379 1859 esset
398 1775 512 1880 civis,
532 1806 661 1891 neque
682 1767 827 1859 delevit
848 1776 1084 1889 Elyseoruut
1106 1798 1172 1857 uo-

178 1907 183 1915 ’
285 1930 396 2007 men,
419 1934 547 2017 neque
562 1935 640 1986 non
655 1905 865 1988 transmisit
879 1907 928 1987 ad
944 1904 1105 1988 heredes
1118 1935 1187 1986 no·

283 2032 397 2114 minis
416 2033 475 2113 sni
498 2028 680 2141 titulum.
709 2033 764 2116 Vt
798 2034 901 2115 enim
927 2029 1131 2139 Cornelios
1164 2063 1186 2114 a

281 2152 473 2271 Scipionis
492 2176 750 2270 cognomento
768 2148 933 2271 legimns
950 2146 1071 2267 inisse
1104 2154 1187 2244 Sci·

248 2283 251 2287 ⁴
283 2276 419 2396 pinnen
439 2275 673 2400 appellatos,
693 2310 730 2371 at
750 2279 800 2371 ab
820 2275 1023 2402 utriusque
1045 2274 1190 2372 Africa·

278 2411 317 2494 ni
339 2415 484 2495 rirtnte
506 2443 681 2524 magnam
700 2411 861 2522 gloriam
882 2435 1119 2524 reportasse,
1140 2437 1182 2507 et
1287 2494 1290 2499 .

278 2556 299 2622 o
315 2542 441 2652 ptimo
457 2540 642 2626 Marcello
656 2542 826 2657 reliquos
838 2539 1050 2656 appellatos
1065 2546 1186 2628 Mora

268 2660 451 2772 'celluea
473 2657 636 2752 Metello
656 2670 863 2773 Metellos,
884 2670 934 2752 ita
955 2690 995 2752 et
1015 2666 1065 2751 ab
1083 2667 1186 2781 opti-

278 2783 464 2898 morire,
486 2783 778 2912 clarissimoque
798 2788 883 2882 cire
905 2783 1060 2906 Aligero
1092 2819 1184 2889 sunt

277 2924 439 3038 Alrgert'
458 2922 577 3010 dictil
598 2923 700 3036 Nam
720 2951 758 3009 et
777 2958 797 3008 a
818 2925 1020 3010 Ciceronis
1038 2950 1181 3034 cognos
1209 2976 1228 3014 ο

243 3038 247 3047 ’
280 3065 414 3133 mento
434 3051 639 3163 coeperant
654 3051 861 3136 Cicerones
875 3050 928 3139 illi
943 3050 1035 3156 dici3
1048 3051 1118 3165 qui
1134 3080 1182 3136 ax

279 3174 504 3260 Tullioru'm
525 3180 752 3294 antiquitate
772 3178 946 3290 profecti,
965 3210 985 3262 a
1006 3167 1095 3289 tege
1117 3197 1186 3260 tto·

281 3301 467 3392 bilissimo
486 3304 557 3389 sibi
579 3305 769 3416 originem
784 3305 1056 3421 vendicarant.
1076 3299 1182 3392 Tan·

281 3452 337 3512 tas
364 3429 485 3516 virtus
517 3431 631 3519 habet
663 3433 789 3539 vires,
816 3454 860 3516 ut
886 3431 1046 3548 quando
1072 3426 1180 3514 nobi·
1204 3482 1228 3529 ς

167 3591 190 3647 1
280 3555 374 3676 litas¹
394 3556 473 3642 'sola
504 3568 707 3678 est'atqne
735 3562 847 3644 unica
880 3564 1029 3664 virtus,
1054 3557 1104 3641 ab
1137 3586 1181 3644 ea

139 3773 141 3775 ,
280 3686 488 3771 sortiantur
514 3685 691 3805 plerique
718 3688 865 3801 generis
878 3698 1180 3802 agnomentunt,
