3000 4852
186 499 329 580 genus,
363 491 407 553 ιιι
427 468 529 554 alius
563 473 762 585 superior,
795 472 889 553 aher
919 472 1097 575 medius,

188 599 288 682 alius
306 597 465 682 inferior
483 600 690 688 diceretur.
719 603 969 712 Superiorem
990 599 1097 682 enim
1145 673 1148 677 J
1224 614 1227 619 '

187 724 384 809 infernum
404 730 445 808 in
467 727 536 812 bac
557 729 707 812 mortali
728 728 971 840 noeaseequi
993 725 1099 828 vita,

182 855 454 961 iacrimarum,
487 856 750 970 dolorumque
781 853 998 973 plenissima
1029 881 1097 934 vo·

189 969 267 1052 luit
290 972 417 1058 Durid
446 975 599 1054 diceus:
625 971 999 1075 circumdederunt
1032 998 1098 1050 mc

192 1098 548 1205 deterreremus,
570 1117 610 1184 ct
626 1102 817 1213 periculo
839 1099 998 1208 inferni
1032 1104 1098 1179 in·

199 1246 399 1311 venerunt
420 1260 510 1333 me,
529 1250 569 1310 et
594 1225 671 1312 aiio
689 1259 822 1312 rursus
842 1229 882 1310 in
903 1225 1012 1310 loco:
1031 1223 1102 1312 dc·

90 1421 94 1427 .
197 1359 359 1439 scendit
380 1359 424 1437 in
445 1356 661 1465 infernum
674 1363 920 1466 virentium.
941 1353 1100 1436 Hicau·
1190 1391 1193 1396 ·

191 1505 270 1564 tem
291 1506 346 1565 est
367 1481 542 1565 inserunt
574 1481 664 1591 itte,
683 1485 734 1598 de
754 1513 836 1600 quo
862 1481 978 1565 verba
1010 1509 1105 1592 poe*

193 1632 253 1690 tae
288 1611 401 1722 prisci
435 1604 566 1696 fecisse
600 1613 672 1695 visi
706 1637 822 1720 eunt,
844 1640 935 1694 cum
955 1607 1108 1692 Cerbe-

196 1766 286 1822 rum
315 1769 395 1823 eese
416 1741 616 1824 ianitorem
639 1743 723 1825 eius
741 1742 931 1841 cecinere,
950 1733 1103 1819 assidue

198 1877 398 1966 latratibus
423 1911 581 1965 omnem
615 1882 813 1967 infernum
847 1877 1110 1991 infestantem,

99 2008 103 2013 ’
196 2006 1107 2122 quoinsatiabiiissignificaturcupiditaecatoie,

193 2129 1109 2250 quae‚cumingressaesthominem,diffi·cuiter

198 2266 295 2371 exit,
317 2289 361 2351 ut
381 2292 419 2349 et
440 2269 520 2380 ipse
535 2293 665 2353 custos
685 2267 856 2352 admittit
876 2293 1011 2349 omnen
1024 2329 1036 2371 ,
1050 2292 1112 2347 re·
1151 2339 1152 2342 t

200 2391 283 2473 dire
299 2423 392 2494 vero
406 2397 549 2506 petitur
560 2398 888 2512 neminem,quem
903 2396 1108 2508 impetum,

204 2520 511 2637 cupiditatisque
526 2527 745 2632 custodem,
764 2525 869 2609 solue
889 2550 1022 2605 eccum
1036 2543 1112 2604 tra·

198 2647 256 2732 hit
277 2648 480 2754 Hercules,
501 2655 571 2756 vir,
591 2659 765 2769 inquam,
786 2653 919 2738 virtuti
941 2647 1116 2754 deditos,

88 2807 91 2814 ·
197 2806 413 2893 exosusque
433 2778 628 2865 libidines.
656 2783 728 2866 Est
749 2806 787 2866 et
807 2783 847 2864 iu
869 2779 942 2862 hoc
961 2774 1112 2863 inferno

196 2903 1110 3020 descriptnsCharouapudAcherontassuvium,

77 3038 80 3043 ’
203 3054 246 3108 ut
267 3056 305 3112 et
320 3033 539 3116 Acheronte
554 3034 793 3146 significetur
813 3062 958 3138 manca,
975 3030 1113 3140 labilis,

206 3154 390 3273 fluxaque
418 3165 641 3274 cupiditatis
670 3191 818 3249 nostrae
839 3161 1047 3275 penditio,
1074 3183 1115 3242 ct

199 3284 396 3370 Charonte
411 3315 564 3404 tempus
579 3299 719 3407 ipsum,
731 3293 841 3409 quod
856 3291 1112 3378 variis'rerum

204 3417 336 3524 spatiis
369 3446 518 3503 nostros
552 3425 746 3535 appetitus
767 3423 816 3503 ah
835 3422 972 3530 unaio
995 3418 1117 3535 {eiiam

205 3571 315 3649 spem
340 3544 475 3648 refert,
498 3579 570 3629 nec
589 3553 677 3630 sinit
699 3579 779 3630 esse
800 3551 967 3664 quietos.
989 3549 1118 3633 Mino·

204 3698 267 3748 ern
296 3700 400 3779 vero,
420 3703 462 3756 ac
484 3673 670 3783 Aeacum,
690 3700 728 3759 et
750 3677 1117 3786 Rhadamanthum,
