3000 4852
1097 358 1151 459 25

187 537 191 543 ·
296 499 498 612 posteritas
511 523 610 585 esset
631 498 867 614 reipublicae
882 496 1212 612 profutura,qui·.

300 657 380 744 que
400 655 649 741 cognosceret
664 630 872 741 instituisse
884 633 1015 716 Deum
1029 627 1211 736 coniuga-

296 752 344 839 lis
364 757 529 869 copulae
564 756 795 861 vinculum,
815 781 859 839 ut
880 755 1113 868 generationi
1149 782 1209 834 re·

296 890 491 996 mactatio
504 912 730 1001 pararetur,
750 909 786 969 et
803 887 873 1001 qui
888 887 1000 968 sciret
1015 906 1208 999 quantum

294 1013 435 1114 sitsuo
456 1017 604 1099 nomini
626 1045 693 1098 sua
716 1013 919 1126 posteritas
939 1011 1207 1094 conductum.

295 1134 1209 1250 Duxitiuvenisuxoremditissimampulcber·

197 1354 200 1361 .
297 1267 462 1379 rimam,
487 1271 801 1384 pudicissimam,
820 1266 1208 1378 nobilissimamque,

291 1391 537 1481 Donatorum
561 1397 704 1482 familia
736 1399 928 1508 genitam,
961 1395 1026 1478 cui
1061 1424 1205 1477 nomeu

287 1546 367 1605 erat
386 1526 581 1629 Gemma,
604 1554 719 1626 vere,
739 1511 926 1637 inquam,
947 1547 987 1604 et
1015 1519 1205 1625 moribus,

293 1671 333 1731 et
353 1653 482 1761 specie
502 1683 649 1762 gemma
671 1650 736 1768 (r)
751 1717 760 1737 .
775 1653 883 1736 Nihil
904 1682 950 1735 ex
970 1652 1016 1731 iis
1037 1671 1207 1764 quatuor

290 1770 384 1858 huic
403 1779 582 1890 coniugio
614 1779 766 1885 defuit,
800 1811 901 1896 qnae
934 1775 1041 1889 apud
1066 1776 1210 1863 Xeno·¹

291 1901 446 2013 phontis
481 1930 692 2018 tyrannum
724 1939 805 1991 esse
845 1906 1033 1990 dicuntur
1066 1905 1111 1984 iis
1146 1906 1204 1985 in-

292 2033 510 2144 quirenda,
530 2039 599 2150 qui
632 2039 707 2133 sint
729 2068 869 2122 uxores
890 2036 1067 2118 ducturi.
1088 2035 1203 2143 Quos

290 2185 384 2242 vero
398 2157 498 2243 filios
512 2195 558 2246 ex
574 2164 643 2247 hac
658 2166 826 2250 Gemma
840 2163 1046 2276 quaesierit
1061 2226 1072 2265 ,
1088 2161 1210 2271 penio.
1316 2202 1319 2206 ⁴

290 2285 444 2373 dicetur
464 2290 652 2402 inferius,
673 2325 751 2377 non
774 2320 828 2377 est
852 2297 915 2399 hic
944 2290 1122 2376 narrandi
1144 2290 1207 2397 Ιο-Ι

290 2441 368 2502 cus.
383 2416 429 2502 Id
449 2441 578 2515 autem
599 2453 721 2540 aequa
743 2407 872 2507 mente
891 2421 999 2505 -ferre
1020 2451 1096 2502 non
1114 2450 1202 2530 pos·

324 2837 372 2924 (r)
388 2838 430 2905 La
446 2863 529 2930 prese
553 2847 634 2910 circa
650 2843 672 2909 it
693 2852 810 2932 tepus
825 2846 952 2908 siccome
975 2843 1127 2930 apparisce
1159 2842 1198 2904 da
1231 2883 1235 2890 ·

280 2932 450 3006 Giannozzu
466 2947 594 3011 Manetti
609 2945 688 3009 uella
699 2947 730 3009 di
747 2947 787 3010 ini
804 2950 889 3024 vita,
904 2969 959 3011 ore
976 2947 1123 3020 diceudo,
1141 2942 1197 3007 ebe

280 3034 302 3100 il
318 3037 406 3105 Poeta
419 3058 521 3111 nostro
538 3069 604 3110 non
619 3045 722 3111 multo
748 3060 824 3137 pust
852 3049 1029 3112 adamatae
1058 3045 1193 3135 puellae

277 3136 467 3226 (Beatricis)
482 3146 601 3210 obitum
617 3149 770 3235 vigesimo
785 3163 879 3216 secto
894 3150 1016 3214 aetatis
1033 3170 1112 3209 suae
1124 3149 1192 3208 cir-

279 3239 365 3304 citer
378 3263 464 3309 anoo
477 3268 610 3312 acorem
638 3252 786 3331 accepit.
803 3304 810 3319 .
827 3302 835 3319 .
852 3300 860 3318 .
876 3251 1098 3320 edacissima
1115 3248 1188 3313 Dn-

281 3351 432 3416 natorum
435 3347 579 3434 familia
593 3355 719 3418 nomine
732 3351 918 3430 Gemrnem,
934 3351 1049 3425 risulta,
1065 3348 1120 3414 che
1136 3351 1187 3415 cio

286 3445 439 3507 arvenisse
454 3447 476 3509 it
492 3450 629 3534 predetto
651 3474 752 3529 anno,
776 3477 791 3514 e
816 3452 865 3516 ch’
878 3454 904 3516 e'
916 3454 945 3514 vi
972 3451 996 3515 s’
1007 3453 1160 3515 indnccsse
1177 3475 1194 3515 a
1232 3464 1235 3470 '

285 3545 471 3626 persuasione
487 3549 536 3612 dei
550 3553 612 3616 suoi
628 3557 767 3638 parenti,
782 3555 817 3618 ed
834 3557 921 3618 amici
938 3577 989 3640 per
1003 3552 1197 3614 alleviamen-

287 3655 320 3705 to
332 3642 381 3705 del
395 3668 447 3712 suo
461 3650 585 3717 dolore.
601 3652 662 3719 Con
676 3657 834 3743 essa'peri),
850 3660 976 3720 siccome
992 3655 1093 3728 diccsi‚
1114 3654 1198 3739 passi)

286 3742 309 3807 t‘
322 3744 421 3816 istun
436 3755 594 3825 concordie
608 3758 619 3833 ,'
635 3755 691 3825 cite
712 3756 757 3823 ira
775 3760 908 3838 Socrate,
924 3783 939 3823 e
957 3761 1110 3846 Santippc.
