3000 4852
280 503 417 620 itique
437 530 528 586 cum
550 496 621 584 hac
653 494 704 581 de
736 507 935 590 cummuni
970 505 1186 596 calamitate

278 655 509 721 tractaretur
529 630 590 714 vel
610 627 796 743 publice,
817 633 879 714 trel
913 628 1119 747 priuatim,
1144 642 1192 724 si-

279 759 440 846 multate
460 757 656 870 flagrantia
679 755 795 839 corda
824 787 984 846 reserate
1017 790 1133 872 sunt,
1153 795 1193 856 et
1349 857 1354 876 ,

281 891 487 995 exierunt,
519 908 754 999 erectaeque
790 911 881 970 sttnt
911 888 952 971 in
987 891 1195 1002 publicum
1329 878 1332 883 .
1368 970 1373 981 a

278 1015 482 1121 flammae,
501 1058 503 1063 ¹
521 1042 684 1125 coepere
725 1041 1010 1130 nonnunquam
1037 1041 1075 1100 et
1107 1050 1192 1104 saxa

280 1143 444 1253 volare,
480 1165 519 1226 et
552 1131 682 1247 faces,
707 1169 904 1256 nemoque
936 1146 1120 1229 inuentus
1145 1172 1201 1233 est

278 1269 377 1357 adeo
397 1266 537 1354 infimo
557 1297 696 1379 genere
718 1292 842 1376 uatus,
861 1267 960 1352 adeo
981 1269 1044 1354 vel
1066 1274 1193 1388 inops,

280 1398 343 1486 vel
365 1400 576 1515 abiectus,
595 1398 666 1509 qui
700 1426 778 1478 non
813 1393 927 1479 aliem
960 1426 1191 1515 sequeretur

285 1531 454 1642 partium
473 1527 748 1612 factiosarum.
769 1523 846 1636 lpsi
867 1524 1003 1610 fratres
1024 1529 1126 1613 iuter
1158 1565 1200 1618 sc

218 1675 219 1678 '
287 1656 567 1760 dissentientes,
588 1653 727 1766 partim
748 1651 883 1758 Albos,
898 1655 1039 1765 partim
1054 1656 1199 1770 Nigroe

219 1804 225 1817 '
291 1784 555 1899 praeferebant
576 1781 686 1887 allis,
707 1781 1025 1895 deveneruntque
1045 1785 1122 1869 iam
1157 1789 1200 1873 in
1328 1787 1339 1808 Χ

291 1942 517 1998 communes
539 1909 757 2014 tumultus,
777 1933 816 1992 et
838 1910 1081 2020 particularia
1116 1914 1202 1999 vul·

293 2069 410 2146 nere,
430 2069 560 2154 neque
593 2037 693 2120 adeo
713 2036 774 2118 vel
795 2035 961 2121 Catilina
993 2039 1204 2150 Romanis,

287 2167 356 2251 rel
376 2169 532 2279 tyranni
553 2163 857 2252 Atheniensibus
889 2165 1136 2276 obfuerunt,
1155 2193 1202 2256 ut

294 2296 363 2410 qui
384 2294 552 2380 Pistorio
566 2293 729 2405 profecti
746 2318 835 2376 sunt
848 2293 1080 2379 Florentinis
1095 2297 1206 2382 obes-

295 2454 336 2505 se
357 2447 584 2535 coeperant.
605 2423 785 2508 Vt'enim
806 2424 846 2503 in
866 2422 1007 2535 stipula
1028 2424 1203 2510 coniectu

291 2551 482 2657 scintilla,
515 2551 546 2632 si
579 2574 698 2634 vento
730 2547 1203 2669 iuvetur,‘sulpltureque

283 2688 493 2792 'pascatur,
514 2676 659 2761 multos
678 2680 757 2762 urit
777 2710 906 2790 agros,
925 2678 976 2762 ita
998 2682 1067 2795 qui
1094 2680 1204 2766 furor

292 2809 331 2892 in
363 2809 521 2891 illorum
557 2831 637 2890 erat
679 2806 899 2914 mentibus,
933 2806 1203 2894 diuturnitatis

296 2937 472 3021 adhibito
492 2935 640 3037 studio,
661 2933 917 3050 factionisque
952 2938 1141 3043 suasione,
1162 2940 1203 3022 in

294 3087 447 3146 tantum
462 3067 600 3168 crevit,
615 3089 652 3146 et
674 3090 904 3176 propagatus
917 3089 989 3170 est,
1003 3089 1047 3149 ut
1066 3096 1204 3150 omnes
1316 3059 1320 3070 ⁴

294 3191 476 3276 invaserit
508 3189 782 3296 Florentinos',
815 3221 950 3274 omnes
977 3190 1203 3299 admiserit,

291 3318 496 3402 excluserit
518 3318 713 3403 neminem
730 3384 741 3405 .
761 3319 818 3402 lta
839 3320 913 3404 iam
943 3350 963 3402 a
993 3320 1208 3406 iuvenibus
1236 3404 1237 3407 a

292 3441 387 3527 lutee
407 3445 605 3527 contentio
626 3447 664 3527 in
686 3447 851 3530 maiores
865 3444 1023 3531 devenit
1039 3473 1130 3531 netu
1143 3515 1153 3552 ,
1168 3475 1208 3534 et

296 3603 313 3651 a
336 3567 466 3652 uerbis
501 3574 538 3652 in
574 3571 669 3653 locta
705 3578 994 3685 proruperunt.
1016 3575 1093 3660 Sed
1115 3590 1207 3663 cum

297 3700 473 3784 nondum
497 3699 633 3812 perid
663 3701 848 3811 temporis
868 3725 965 3782 esset
990 3703 1134 3809 Dentes
1153 3703 1210 3787 ol·

951 3836 976 3936 3
1063 3957 1065 3960 ,
