3000 4852
377 359 430 442 32

311 520 524 583 evocarunt
556 497 606 584 sd
638 531 677 585 se
712 500 971 590 Cancellarios
1002 510 1166 619 omnes3
1186 532 1227 596 et

313 652 452 711 eorum
469 628 653 734 clientes,
675 631 846 745 ipsisque
860 631 1104 720 Florentinae
1119 638 1230 723 urbis

311 787 444 840 muros
465 761 877 870 circumscripseruut.
904 765 982 848 Sed
997 762 1104 848 baud
1124 789 1228 851 tanta

310 886 475 971 utilitate
498 890 636 971 urbem
651 889 755 971 illam
771 889 934 974 affecere
944 891 1175 1001 Florentinl‚
1188 926 1231 978 e·

313 1015 491 1101 radicatis
511 1049 557 1101 ex
577 1047 713 1100 eorum
729 1022 873 1130 campis
888 1019 1085 1104 radicibus
1099 1021 1229 1128 malis,

311 1170 458 1253 quanto
485 1146 724 1230 Florentiam
753 1148 1004 1253 detrimento,
1025 1149 1226 1236 intestino·

310 1298 390 1382 que
412 1273 596 1356 incendio
614 1273 894 1378 debilitarunt,
916 1256 1227 1358 inflammarent·
1326 1355 1329 1360 .

311 1410 391 1509 que
412 1398 501 1516 (1).
535 1403 638 1487 Nem
670 1431 761 1486 cum
797 1403 970 1514 primum
1004 1399 1135 1487 exules
1167 1401 1226 1484 illi

308 1523 526 1614 Florentiae
541 1533 612 1615 sibi
629 1528 860 1629 firmandam
881 1561 961 1614 esse
994 1528 1125 1614 sedem
1158 1559 1225 1614 eo·

310 1683 557 1768 gnoverunt,
576 1692 620 1746 ac
640 1662 690 1745 de
711 1661 844 1745 reditu
878 1661 920 1743 in
955 1661 1119 1771 patriam
1152 1655 1235 1740 de-

312 1788 577 1897 sperandum,
610 1786 816 1872 affinitates
837 1818 928 1872 cum
948 1788 1102 1871 civibus
1133 1784 1224 1868 Flo·

233 2008 236 2017 ·
308 1917 468 1998 sentinis
488 1942 740 2019 contraxere,
760 1944 1004 2027 coepereque
1024 1916 1063 1994 in
1086 1910 1223 1997 affines

307 2046 497 2122 coniicere
520 2046 635 2125 virus.
658 2043 859 2125 Continuo
872 2040 1015 2122 saevire
1037 2039 1106 2120 visi
1127 2062 1219 2122 sunt

306 2165 520 2250 Florentinl
540 2231 549 2269 ,
568 2191 606 2259 et
625 2197 775 2250 eorum·
795 2167 930 2249 ardere
964 2187 1139 2273 mentes3
1173 2166 1214 2249 in

276 2295 368 2407 [neas
385 2297 493 2378 enim
514 2297 762 2381 coniecerant'
776 2294 906 2379 exules
925 2322 1009 2375 eam
1032 2318 1211 2405 pestem,

307 2462 425 2544 quam
457 2461 504 2511 eo
537 2425 761 2536 diligentius
798 2443 1010 2535 potuerunt
1038 2449 1215 2503 exercere

307 2559 540 2662 Florentiae,
560 2589 642 2673 quo
664 2555 823 2641 maiores
843 2548 1104 2633 stabiliverent
1123 2550 1217 2630 ami·

188 2704 190 2709 ’
307 2693 439 2793 eilias,
461 2684 774 2802 potentioresque
796 2678 1043 2767 firmaverant
1064 2707 1214 2764 manus.

351 3142 398 3232 (1)
414 3142 465 3206 Dei
477 3138 617 3214 tumulti,
631 3134 708 3200 delle
724 3129 894 3197 carnificine
903 3175 914 3206 ‚
934 3124 1013 3208 degli
1037 3127 1146 3189 secessi
1167 3147 1215 3190 se·

238 3296 241 3303 f
306 3252 380 3328 guiti
393 3269 450 3310 con
467 3244 598 3307 inaudita
617 3235 759 3324 barbas-iel
773 3239 803 3298 in
819 3233 844 3295 sl
859 3229 933 3294 latta
963 3227 1150 3293 lacrimevole
1166 3229 1227 3291 cir·

306 3363 444 3412 costanza
461 3347 539 3410 nella
554 3355 654 3410 nostra
671 3343 757 3421 εἰπὲ,
777 3358 850 3401 sono
867 3356 884 3396 a
906 3334 1017 3396 vedersi
1034 3331 1075 3414 gli
1100 3328 1213 3392 antichi

306 3452 400 3514 nostri
430 3451 586 3524 Cronisti,
617 3469 633 3507 e
669 3440 878 3529 specialmente
909 3439 984 3500 Dino
1023 3434 1183 3519 Compegni
1200 3476 1209 3506 ,

306 3551 360 3614 che
378 3573 394 3613 a
412 3565 490 3614 tutto
503 3552 527 3612 si
542 3548 626 3612 ιτονὸ
642 3556 784 3633 presente.
803 3541 865 3601 Vua
878 3541 1005 3625 patetiea
1020 3534 1210 3610 descrizione,

307 3655 418 3721 besche
433 3659 463 3720 ‹li
479 3657 629 3728 moderno,
646 3671 690 3713 ma
704 3645 798 3708 ledele
810 3646 958 3720 scrittore,
979 3663 1012 3705 ce
1027 3638 1056 3700 la
1072 3632 1100 3698 fa
1113 3632 1211 3701 l'Am·

309 3762 414 3824 mirato
430 3780 446 3821 a
460 3778 536 3845 pag.
558 3753 631 3837 204.
648 3777 662 3815 e
680 3771 768 3837 segg.
786 3745 834 3810 del
850 3746 886 3812 Τ.
898 3768 919 3806 1.
937 3739 1032 3806 Part.
1049 3759 1070 3800 1.
