3000 4852
991 414 1060 498 91'

197 549 318 625 mae,
338 546 376 602 et
398 514 636 630 Epimenidc
655 515 895 629 delectatur,
914 551 1006 606 cum
1033 525 1105 611 ait:

197 652 414 742 Cretenses
453 677 615 760 semper
646 650 892 738 menduces.
925 653 1014 736 Hoc
1045 677 1108 739 eat

140 784 143 791 ‘
201 782 482 893 praecipuum,
503 775 614 891 quod
647 777 697 860 ad
730 775 805 864 laoc
835 781 964 894 operis
996 780 1110 866 incli-

201 912 393 1023 natiorem
426 903 599 989 reddidit
631 906 832 1013 Dantem,
863 910 975 1026 quod
1015 938 1110 994 cum

205 1036 422 1158 Dionysius
461 1033 687 1145 Areopagita
722 1033 833 1120 Pauli
869 1034 1114 1150 discipulus,

199 1165 259 1247 vit·
298 1188 452 1269 tantus,
489 1190 648 1244 omnem
681 1163 732 1244 de
772 1165 861 1248 Deo
891 1189 1113 1247 termonem

200 1294 251 1374 ait
286 1291 437 1404 poetica
470 1287 594 1371 solete
628 1286 790 1376 fictione
829 1289 1040 1396 delectari,
1071 1313 1113 1374 et

196 1419 401 1506 Christum
435 1417 673 1503 salvatorem
714 1421 857 1503 viderit
895 1446 966 1533 pat·
999 1444 1113 1542 pare·

195 1546 305 1632 boias
338 1544 461 1629 multa
482 1546 650 1649 dixisse,·
680 1542 872 1630 intellexit
898 1547 1112 1633 ωιιὶωιιω

203 1673 277 1759 hoc
298 1679 393 1758 tanti
410 1674 620 1756 voluminis
634 1673 812 1768 officium
827 1676 973 1759 muium
986 1677 1112 1786 dekai-

201 1827 277 1885 tate
297 1802 556 1889 tractandum.
589 1801 635 1886 ld
668 1829 797 1886 autem
817 1828 874 1887 eet
906 1826 1113 1916 poctarum

200 1961 379 2037 carmen,
399 1931 509 2046 quod
532 1929 621 2013 facit
638 1923 682 2013 ut
704 1962 836 2015 retum
858 1933 1044 2015 memoria
1063 1933 1115 2016 ait

186 2062 426 2173 'incorrupta
454 2057 1114 2185 suavitateverborutnfiucundlta·
1145 2170 1147 2176 Ι

202 2197 319 2304 'teque
337 2190 569 2272 fabularum.
591 2189 693 2274 Nam

234 2328 311 2394 Aut.
312 2326 473 2419 prodesse
487 2329 600 2397 colunt
613 2377 624 2408 ,
639 2342 697 2396 cat
712 2329 879 2397 delectare
889 2343 1025 2422 poetae,
1041 2376 1044 2381 «
1075 2324 1092 2379 ·'

199 2454 309 2570 quod
344 2458 450 2566 apud
483 2456 694 2542 Horatium
716 2485 792 2563 est,
912 2487 947 2566 J

237 2595 312 2662 Aut
326 2592 425 2659 simul
440 2607 472 2660 et
487 2594 652 2677 iucunda,
668 2612 700 2664 et
715 2599 835 2667 idonea
851 2600 962 2667 dicere
974 2597 1094 2672 citae...

233 2706 335 2775 Omne
351 2707 429 2775 tulit
441 2722 605 2801 punctum,
622 2716 679 2803 qui
692 2718 821 2784 miscuit
845 2717 927 2786 utile
939 2716 1040 2784 dulci.

198 2822 248 2901 Aa
270 2852 317 2902 eo
338 2848 393 2904 cst
416 2825 645 2934 praeclarior
666 2831 758 2914 haec
778 2825 916 2917 Dentis
939 2840 1112 2948 poetica,

199 2949 311 3057 quod
335 2952 445 3061 plena
468 2979 525 3036 cet
538 2958 766 3064 suntnihil
789 2964 966 3078 loquutur
980 2984 1122 3080 perpe‘
1177 2995 1182 2999 ·

201 3102 296 3159 rant
323 3082 424 3163 Sunt
444 3106 549 3164 certe
570 3083 804 3194 amplissima
827 3092 985 3174 virtutis
1007 3120 1117 3201 pcae-

91 3236 93 3241 ·
199 3227 337 3312 cepta,
365 3210 512 3320 quibua
532 3212 704 3296 Ovidius
726 3199 956 3326 Lycaolaetn
972 3220 1115 3304 avarit-

143 3403 147 3414 .
200 3333 343 3415 alanum
364 3338 403 3418 iu
427 3339 565 3450 lupum
588 3371 744 3425 versum
766 3375 849 3426 csae
872 3345 1016 3450 voluit,
1040 3348 1117 3434 Da·

195 3458 338 3566 planctu
354 3472 601 3552 castissimam
631 3473 815 3580 uirginum
832 3477 870 3556 in
888 3415 1043 3558 lautuln
1073 3510 1116 3562 o·

199 3592 544 3708 duris‚vigocisque
560 3603 909 3713 perpetui,Argum
925 3607 1117 3690 u'Mercu·

200 3717 259 3796 rio
288 3746 528 3832 auctoratum.
563 3727 727 3809 Possunt
748 3731 854 3813 enim
888 3733 1116 3848 eloquentes
