3000 4852
277 510 383 596 idem
403 508 562 593 sensisse
583 503 934 619 Philosophorum,
968 508 1083 596 multi
1120 512 1190 627 qui

279 669 357 724 non
378 639 547 722 ubinati
579 660 670 720 sunt
703 636 757 719 ibi
789 635 1038 748 florueruut3
1070 637 1196 723 voluit

277 767 418 880 etipse
440 794 674 878 praeponere
693 765 861 874 ingratae
894 766 1038 876 patriae
1066 768 1199 875 gratis·

277 894 391 976 simas
425 893 570 999 urbes,
605 894 646 974 in
679 894 825 1006 quibus
866 894 1031 976 maxime
1065 891 1201 977 cultus

285 1045 370 1106 est.
390 1022 493 1108 Nam
526 1047 564 1105 et
597 1019 763 1105 Publius
796 1018 985 1131 Virgilius
997 1021 1197 1123 r*illantnae

280 1174 422 1258 uatus,
452 1147 619 1262 Neapoli
651 1147 827 1258 sepultus
860 1172 942 1256 est,
975 1172 1014 1233 et
1047 1151 1197 1234 Lucius

244 1277 246 1282 ’
285 1279 469 1363 Annaeus
489 1282 659 1381 Seneca,
682 1277 742 1359 vir
762 1275 916 1361 Stoicus
930 1342 941 1381 ,
957 1301 995 1360 et
1016 1278 1204 1361 Lucanus

280 1407 363 1490 eins
386 1406 515 1489 fratris
536 1401 659 1510 fitius,
678 1405 826 1488 Romae
847 1405 944 1487 mori
967 1436 1086 1519 quarn
1101 1407 1202 1489 Cor·

280 1531 410 1618 dubae
430 1533 665 1620 maluerunt.
681 1532 791 1615 ldem
813 1531 863 1615 da
878 1533 934 1617 Μ.
949 1533 1112 1617 Annaeo
1129 1539 1203 1619 se

281 1691 403 1770 neca,
432 1662 471 1747 et
503 1661 554 1745 de
587 1660 895 1772 Statiolegitur,
916 1661 1024 1745 etde
1046 1663 1201 1746 Alcma-

283 1818 334 1874 ne
354 1789 479 1903 lyrico
500 1814 639 1903 poeta,
660 1792 730 1905 qui
750 1821 790 1873 se
812 1787 948 1873 maluit
968 1789 1201 1902 Spartiatam

283 1938 401 2034 quam
426 1917 674 2026 Sardianum,
707 1942 746 2003 et
777 1918 828 2002 de
849 1919 1076 2032 Euripide,
1101 1919 1199 2033 qui,
1255 2022 1263 2037 ὁ

282 2049 404 2158 patria
419 2047 568 2153 relicta,
588 2045 695 2157 apud
715 2044 949 2130 Archelaum
965 2047 1072 2129 diem
1086 2048 1199 2155 obiit,

281 2173 389 2258 etde
412 2173 604 2287 Aeschylo
636 2174 891 2282 Atheniensi,
924 2206 1045 2291 quem
1067 2176 1197 2261 Sicilia

277 2300 480 2413 sepelivit,
500 2325 538 2386 et
558 2302 609 2386 de
629 2302 828 2410 Homero,
848 2306 918 2420 qni
953 2336 1047 2387 non
1066 2301 1195 2390 finivit

279 2456 560 2513 consenescens
575 2431 680 2539 apud
695 2433 902 2539 Smimam,
923 2456 960 2516 et
981 2431 1031 2514 de
1053 2431 1199 2539 multis,

281 2585 381 2671 quos
401 2588 628 2641 enumerare
648 2590 810 2668 gravor.
831 2562 938 2646 Cum
959 2585 1057 2642 esset
1080 2559 1197 2668 igitur

281 2683 403 2770 factus
417 2687 506 2773 exul
521 2689 602 2796 ipse
617 2688 779 2795 Dentes,
792 2689 1078 2809 accepissetque
1092 2685 1194 2803 qnid

280 2809 500 2898 Florentiae
520 2813 656 2922 fieret,
678 2815 844 2901 demissa
864 2820 1013 2923 Roma,
1036 2815 1197 2901 relicto·

284 2968 363 3053 que
384 2940 589 3048 Pontifice,
603 2941 658 3024 ad
680 2974 802 3058 quem
829 2971 958 3028 orator
979 2966 1200 3060 accesserat,

282 3071 425 3154 Senam
459 3073 611 3156 tenuit.
633 3071 718 3156 Illic
738 3098 778 3157 et
798 3073 849 3157 de
884 3075 1000 3156 rebus
1033 3071 1195 3178 singulis
1248 3117 1250 3120 >
1320 3128 1323 3133 ·

282 3218 343 3277 est
363 3198 504 3278 certior
525 3198 729 3306 redditus,
749 3227 787 3285 et
806 3202 935 3311 coepit
953 3228 1046 3281 snae
1061 3227 1197 3278 causae

282 3349 526 3432 progressum
548 3326 785 3441 intelligere,
806 3331 1003 3442 armisque
1024 3325 1198 3445 reditum

283 3471 474 3563 temptare
495 3455 535 3538 in
559 3459 730 3568 patriam,
744 3489 834 3542 cum
853 3455 958 3541 nulla
977 3479 1074 3540 esset
1088 3457 1201 3570 quic·

289 3578 442 3694 tis'spes
463 3582 635 3702 reliqua.
656 3587 784 3696 Nam,
806 3611 851 3672 ut
870 3585 1059 3698 sapientes
1079 3583 1195 3671 decet

283 3711 411 3796 omnia
444 3713 552 3827 prius
585 3716 781 3829 experiri,
802 3747 921 3832 quarn
956 3715 1073 3801 armis
1106 3743 1198 3800 con·
