3000 4852
402 404 408 417 '
470 399 617 483 xxxvris

409 547 523 629 venti
543 540 737 624 donavit.
767 540 1001 626 Excitatus
1029 542 1164 656 igitur
1182 561 1325 630 auoto-
1390 535 1393 539 ’

406 677 536 757 ritate
573 686 791 761 tantorum
831 674 1047 776 virorum,
1079 657 1324 785 praecipui·

409 833 490 924 que
522 805 609 908 tui,
639 804 703 888 uir
735 799 914 885 illustris
934 801 1094 907 Petne,
1115 799 1243 910 fama
1263 831 1333 917 oe·-

404 931 654 1036 le'berrima,
677 927 811 1015 libens
844 930 1054 1042 proximis
1082 929 1146 1015 bis
1172 934 1328 1016 meost

400 1065 475 1147 bus
494 1059 760 1145 Florentiam
778 1087 844 1142 me
864 1058 1043 1162 cantuli,
1064 1061 1207 1142 urbem
1226 1042 1333 1171 pro·¹

384 1189 511 1300 secto
530 1205 569 1270 et
579 1189 772 1300 privatis,
786 1202 825 1269 ct
835 1185 1014 1292 publicis
1027 1185 1231 1296 aedfficiis
1250 1183 1326 1271 od-

401 1313 658 1424 mirandam,
679 1313 987 1426 pulcritudine,
1005 1316 1206 1427 ctformo
1233 1345 1323 1428 spe·

397 1451 700 1552 ciosissimam,
720 1441 795 1533 sed
809 1447 932 1560 louge
953 1451 1092 1561 magis
1112 1445 1320 1533 excelleu-

398 1582 605 1665 tissimam
614 1580 1323 1693 gravissimorumvirorumsopieu·

396 1713 484 1814 tia,
503 1709 836 1821 gubernatione,
858 1709 1159 1815 munificentie,
1179 1712 1323 1818 opibus

397 1837 573 1950 quidem
583 1838 713 1950 regiis
728 1900 742 1939 ‚
760 1854 800 1919 et
815 1837 1012 1943 hospitali
1030 1834 1293 1950 benignitate
1308 1902 1332 1951 ,3

393 1967 562 2082 qualem
583 1961 701 2075 apud
713 1968 850 2049 virum
865 1963 1174 2069 amplissimum
1194 1967 1320 2049 Ioon·
1337 2057 1339 2062 ,

394 2120 492 2181 nem
512 2097 814 2180 Borromoeum
828 2107 1029 2202 exceptus
1043 2123 1155 2201 sum,
1170 2097 1239 2178 cui
1252 2121 1319 2179 me

391 2240 525 2332 tanto
535 2249 614 2332 pro
635 2217 902 2327 liberalitate,
933 2237 976 2302 et
995 2218 1327 2333 mansuetudine

391 2325 655 2458 summopere
692 2345 934 2435 devinctum
976 2380 1066 2434 esse
1106 2351 1320 2462 profiteor.

391 2477 547 2563 Aberat
560 2493 608 2561 tu
624 2506 670 2559 eo
684 2468 1007 2597 tempore‚equet
1019 2478 1321 2593 insignisTboe

390 2635 472 2710 mo,
493 2603 685 2717 noudum
708 2622 782 2690 tuo
817 2609 1031 2724 legatione
1058 2609 1318 2716 perfuncta,

308 2768 315 2783 ‘¹
389 2762 513 2849 quem
534 2751 574 2846 et
596 2733 749 2840 uidere,
762 2754 803 2821 et
818 2742 1010 2825 venerari
1029 2743 1180 2822 merito
1201 2736 1310 2825 dasi-

385 2863 612 2969 derobam,
645 2878 737 2947 tum
769 2871 986 2980 suiipsius
1011 2871 1185 2981 gratia,
1218 2888 1311 2954 tum
1413 2896 1418 2927 ·’

386 3007 496 3096 veru*
505 3010 552 3077 ut
566 3021 631 3076 mc
651 3012 796 3077 notum
810 2992 1014 3081 redderet
1034 2999 1127 3102 tibi,
1146 3001 1207 3082 vir
1226 3029 1313 3082 ma·

383 3123 534 3235 guifice
546 3121 835 3236 Petre‚‚quem·
852 3125 1062 3234 inprimis
1082 3153 1309 3238 agnoscere

383 3257 623 3365 cupiebant,
642 3251 753 3337 velut
774 3255 962 3338 interris
981 3246 1304 3359 admirandum,

384 3399 424 3464 et
444 3400 535 3484 tua,
546 3399 586 3467 et
596 3398 778 3488 paterna
800 3381 961 3468 illustri
979 3380 1151 3501 quidem
1167 3382 1318 3494 gloria·

385 3516 666 3621 conspicuum
701 3513 867 3598 Accessi
886 3531 1030 3598 tomen
1066 3512 1127 3596 ad
1145 3512 1307 3622 regales

385 3636 648 3741 acdeorum,
673 3662 711 3724 et
733 3671 985 3757 quamquem
1005 3645 1051 3725 iu
1072 3641 1305 3726 sublimiori

383 3763 606 3880 dignitatis
618 3768 770 3882 gradu,
787 3789 826 3856 et
840 3796 966 3883 opum
980 3768 1199 3883 splendore
1212 3799 1306 3853 com
