3000 4852
473 336 525 420 70

270 507 274 515 .
404 433 567 544 perinde
579 435 660 515 ‘sint
681 460 727 514 ae
751 431 836 513 eius
854 432 1032 537 animus,
1055 426 1129 540 qui
1159 423 1217 510 hir
1236 426 1311 513 uti·

294 655 300 664 ,
407 582 497 666 tur,
516 559 565 645 ad
585 560 768 645 amicitias
788 561 952 666 Petrus,
983 581 1023 642 et
1050 556 1213 640 virtutes
1232 558 1313 639 uti·

407 710 474 773 tur
499 689 647 775 divitiis
678 689 783 793 anis,
816 686 1053 802 nullumque
1072 681 1312 806 liberalitatis

404 817 548 900 omittit
568 848 703 928 genus.
722 816 853 901 Huius
865 837 994 898 autern
1009 812 1093 895 laus
1103 834 1310 925 quamtum

404 943 521 1028 addat
542 946 734 1028 maiorum
754 943 896 1054 gloriae
916 941 1033 1026 docet
1059 938 1313 1048 Aristoteles,

403 1076 473 1186 qui
509 1071 635 1159 voluit
657 1096 901 1182 posterorum
928 1072 1023 1152 vitus
1042 1067 1093 1152 ad
1114 1069 1311 1155 maiorum

403 1199 570 1282 attinere
583 1195 902 1285 uticiuremsed
914 1218 1197 1309 praetereamus
1210 1225 1311 1311 qnae

402 1323 452 1408 ad
474 1328 612 1412 Dentis
630 1328 828 1413 fortunam
850 1325 1071 1439 pertinent,
1103 1353 1204 1440 quae
1223 1321 1310 1433 fita·

308 1512 323 1533 .
403 1480 494 1539 rnnt
514 1457 598 1541 eius
611 1457 784 1568 eorporis
804 1454 905 1538 bona
919 1449 1132 1538 delibando
1152 1481 1308 1565 percur-

403 1611 544 1671 ramus.
579 1585 793 1670 Mediocris
826 1583 901 1666 suit
933 1582 1082 1665 Dantes
1117 1582 1311 1691 staterae,

328 1756 334 1765 ·
379 1705 1307 1828 ⁴barbatusoptime(1),coloresubstruenglun·

248 1890 255 1905 ·
384 1839 455 1922 eis
475 1841 612 1948 neniis,
627 1872 784 1952 procera
801 1841 914 1943 istie,
928 1834 1044 1926 vultu
1057 1865 1211 1949 semper
1222 1868 1308 1948 gra·

399 1966 504 2072 rite
518 1968 799 2082 hilari‚qnique
809 1963 1059 2078 praeseferret
1071 1965 1307 2052 maiestatem

397 2092 570 2209 aliquam
586 2097 832 2200 veneratione
852 2094 1009 2204 dignam
1025 2157 1037 2199 ‚
1055 2089 1307 2209 alliceretqtte

267 2213 272 2225 ⁸
396 2252 497 2336 quos
517 2223 734 2304 intueretur
759 2221 808 2305 ad
828 2253 867 2306 se
887 2220 1117 2305 amandum.
1133 2221 1301 2335 ,squalo-

397 2380 439 2433 re
461 2350 560 2447 virili
583 2381 660 2432 non
682 2375 760 2434 erat
780 2352 943 2455 obsitus,
956 2349 1030 2432 sed
1041 2349 1111 2464 qui
1132 2349 1299 2461 rigorem

395 2480 610 2564 masculum
636 2477 806 2590 profiteri
822 2479 1046 2576 videretur,
1062 2508 1142 2562 non
1154 2477 1300 2562 effemi-

395 2634 535 2713 natam,
549 2635 850 2726 enervatumque
864 2607 1092 2692 deliciarum
1117 2603 1296 2711 sordem3
1407 2624 1412 2633 '

394 2737 519 2823 mollis
540 2761 622 2820 erat
649 2769 788 2845 carne,
821 2740 968 2853 quippe
985 2735 1070 2857 ¹qui
1104 2733 1298 2845 aptissima
1346 2740 1349 2744 ’

391 3134 440 3182 sue
453 3110 609 3211 fflaute,
624 3122 707 3206 &per
721 3115 771 3182 ehi
787 3135 857 3180 eura
867 3119 980 3183 evitare
995 3117 1017 3183 ii
1032 3133 1143 3182 torsere
1157 3111 1189 3178 di
1203 3105 1296 3177 dove-

392 3240 425 3280 re
439 3212 582 3306 riog'girire
608 3216 657 3286 tat
688 3216 838 3304 magnifici
869 3218 944 3282 aviti
970 3220 1033 3283 suoi
1061 3215 1194 3308 palatui,
1212 3233 1296 3280 come

251 3348 253 3361 ·
316 3386 330 3413 κ
347 3330 353 3345 ”
392 3318 465 3385 aidi
481 3325 574 3388 nostri
588 3322 728 3414 'ornnqne
743 3322 866 3384 arvenis
880 3319 982 3384 stole.

435 3422 486 3512 (t)
501 3426 524 3489 E
538 3427 586 3490 dai
601 3428 631 3491 di
647 3425 835 3502 ini'ritratti,
850 3424 882 3487 di
897 3421 943 3485 cui
960 3417 1171 3498 abbundiamo,
1191 3415 1298 3481 edalle

391 3528 534 3612 modagiie
548 3552 565 3595 a
579 3531 608 3596 di
623 3531 663 3595 lui
678 3538 767 3596 onore
780 3532 894 3595 coniate
910 3545 969 3590 nott
984 3524 1041 3587 mai
1053 3525 1189 3608 traggesi,'
1208 3520 1299 3587 ch’e-
1432 3599 1435 3603 ¹
1455 3572 1458 3576 »

389 3633 430 3715 gli
445 3655 462 3698 a
479 3631 574 3716 foggin
588 3635 665 3714 degli
682 3634 816 3711 antichi,
831 3655 847 3696 e
871 3632 918 3696 dei
944 3626 1183 3714 contemporanei
1209 3624 1299 3692 eniti·

391 3721 518 3789 sarreia
528 3744 584 3788 ¹rua
600 3724 715 3790 barba.
