3000 4852
503 359 557 452 9⁰

444 542 447 547 -
470 486 539 560 lile
552 487 654 554 Sutor
665 503 783 565 rerum,
799 484 911 553 mundi
922 484 1070 554 melioris
1084 489 1200 580 urigo.
1284 541 1292 561 a,

442 621 651 702 Poetarum
672 616 811 699 ditioni
830 616 984 699 subdita
1003 645 1085 700 esse
1116 619 1245 701 omnia
1278 615 1348 702 de·

442 747 582 831 claravi
602 778 644 826 aa
659 745 847 849 oratione,
860 772 976 858 quam
991 743 1107 829 habui
1120 773 1222 830 auno
1235 773 1349 858 supe·

440 875 557 959 riore.
586 872 856 985 Quamobrem
873 894 916 954 ut
935 871 1041 984 apud
1059 873 1222 957 maiores
1241 895 1350 957 tanto

443 1005 486 1085 in
506 1004 632 1116 pretio
651 1004 809 1084 fuerunt
823 1001 862 1083 hi
883 1025 1040 1115 poetae,
1058 1024 1151 1086 utet
1170 1023 1277 1088 ratas
1289 1001 1351 1085 di-

444 1157 644 1234 cerentur,
664 1131 806 1245 quibus
826 1156 923 1214 esset
941 1158 1087 1213 numen
1106 1128 1286 1250 aliquod,
1306 1155 1350 1217 ut

445 1244 547 1330 illud
566 1268 622 1330 est
642 1249 865 1358 poeticum:

480 1393 567 1465 Strut
577 1400 678 1465 etium
690 1401 747 1490 qni
759 1419 820 1465 rros
832 1421 948 1466 numen
959 1398 1079 1470 tatere
1089 1413 1204 1494 purant
1216 1435 1235 1473 a·

443 1548 595 1612 etcum
627 1528 733 1612 orbis
764 1529 974 1640 imperium
1006 1529 1047 1612 iu
1080 1532 1350 1616 Rornanorum

447 1679 529 1738 erat
569 1684 712 1765 manu,
751 1684 829 1772 qua
875 1655 1005 1741 laurea
1049 1687 1192 1744 corona
1237 1656 1360 1740 dona·

447 1781 591 1866 banrm
630 1787 869 1898 invictissimi
912 1786 1163 1897 imperatores
1196 1770 1383 1903 Scipio(

448 1897 615 2018 Marius}
653 1902 820 2014 Caesar,
852 1913 1074 2022 Angustus,
1107 1913 1245 1996 eadem
1284 1902 1357 1994 do·

450 2063 633 2122 narentur
664 2061 703 2118 et
719 2101 722 2107 .
736 2063 894 2146 poetae.
927 2030 982 2125 At
1004 2023 1236 2148 'Fulgentius
1256 2068 1358 2151 pou·

449 2164 542 2248 tifex
579 2165 804 2247 christianus
839 2191 1038 2274 poetarum
1069 2191 1127 2250 est
1166 2160 1354 2278 figmenta

448 2293 738 2405 interpretatus„
761 2294 993 2404 Augustinus
1013 2293 1078 2383 ille
1096 2296 1361 2407 sanctissimus

444 2422 608 2536 quonia
623 2421 715 2505 locis
729 2420 1110 2538 adducir'poetarum
1127 2422 1264 2530 verba,
1284 2446 1363 2528 aut,

314 2591 317 2597 ·
363 2622 379 2653 ,
440 2552 837 2658 ¹ubircomntemorat.
861 2551 1095 2664 Virgilium,
1126 2583 1201 2640 neo
1231 2551 1365 2665 aliquo

452 2680 575 2762 donat
615 2679 737 2760 laudis
772 2682 1061 2788 cognomento?
1091 2679 1365 2788 Hieronymus

434 2804 534 2914 ipse
562 2807 706 2921 quibus
727 2833 927 2926 poetarum
949 2839 1025 2892 non
1047 2809 1171 2889 utitur
1190 2805 1365 2896 testimo·

451 2935 553 3017 niisi’
573 2935 716 3051 quibus
730 2934 806 3017 uu'u
821 2936 1033 3020 delectatur
1049 2933 1215 3045 Virgilii,
1226 2958 1266 3015 et
1278 2931 1364 3017 Ho-

454 3064 547 3147 ratii·
564 3066 773 3151 versibus?
801 3063 851 3148 At
872 3066 1011 3148 Paulus
1037 3065 1249 3176 Apostolus
1263 3061 1366 3146 ’eum

449 3192 503 3300 iu
515 3193 715 3304 Areopago
733 3194 917 3276 adversus
932 3194 1224 3278 Atheniensium
1236 3197 1366 3302 perti·
1435 3197 1439 3202 ’

458 3321 604 3400 naniam
625 3313 881 3430 disceptaret,
913 3325 1142 3404 testimoniis
1161 3346 1366 3434 poetarum

462 3446 588 3531 multa·
615 3447 769 3554 probast
803 3451 938 3532 Vtitur
960 3452 1065 3532 idern
1085 3449 1295 3565 aliquando
1326 3472 1366 3529 et

461 3562 670 3643 Menandri
691 3565 827 3666 consini
852 3566 977 3648 verbis
993 3566 1130 3649 dicens
1146 3603 1161 3648 ι’
1182 3594 1372 3649 corrrrmv

456 3707 560 3798 punt
583 3717 714 3773 mores
735 3697 853 3779 horrus
870 3696 1364 3805 constabularionespessi·
