3000 4852
378 322 452 405 108

306 462 579 574 sic-incoepit,
612 482 656 542 ut
687 459 772 541 eius
797 458 1027 571 interpreter
1058 482 1220 541 versum

307 615 421 672 ιηιῑιιτ

309 715 407 783 Ocui
421 719 470 783 ria
483 716 624 807 superis,
640 714 756 792 Amor,
770 725 821 780 est
834 714 1035 804 durafortis
1049 711 1091 779 ab
1103 717 1222 791 urreis,

335 816 428 884 Solia
442 832 478 885 ut
492 817 648 884 assiduus
663 815 819 908 splendor
834 816 876 882 ab
891 839 949 883 ore
963 818 1029 881 ruit
1044 818 1122 902 (r).

304 922 348 1004 lu
383 955 459 1038 qua
483 923 669 1024 mirabili,
689 948 727 1004 et
749 921 1013 1033 philosophica
1033 943 1092 1005 est
1127 952 1220 1006 usus

302 1050 616 1158 comparatione,
641 1072 681 1131 ut
702 1048 1043 1163 quemadmodum
1063 1046 1121 1133 sul
1141 1051 1220 1133 urit

302 1200 446 1261 ⁴terram
466 1179 546 1256 suis
579 1176 718 1280 radiis,
739 1205 783 1257 ac
804 1199 879 1257 sata
901 1176 1048 1280 nutrit,
1068 1177 1122 1259 ita
1142 1178 1220 1261 Ve-

305 1333 379 1384 nus
400 1301 642 1412 Cupidinem
669 1326 778 1412 cogat
793 1366 804 1406 ,
822 1325 860 1382 et
879 1299 1086 1385 homiuum
1108 1333 1218 1388 urere

300 1430 417 1512 corda
432 1497 442 1534 ‚
463 1453 502 1513 et
516 1454 687 1512 amantes
701 1460 749 1511 eo
764 1429 841 1539 igni
854 1426 955 1510 alere
970 1431 1216 1540 immortales,

299 1585 526 1672 tantamque
546 1560 595 1641 ab
614 1560 661 1640 iis
688 1559 728 1640 iu
747 1558 834 1640 illos
853 1558 1012 1640 effectus
1033 1557 1213 1643 similitu·

298 1674 431 1769 dinem
455 1686 610 1793 reddit,
632 1712 676 1771 ut
697 1687 793 1770 nihil
814 1687 978 1770 similius
998 1717 1081 1770 esse
1104 1718 1212 1799 posse

300 1816 489 1901 videatur.
510 1814 596 1898 Nec
614 1839 671 1898 est
691 1846 734 1898 ea
755 1814 883 1899 minor
901 1815 1040 1919 cantio,
1055 1845 1134 1929 qua
1153 1815 1217 1901 di·'

302 1944 359 2026 xit
377 1982 385 2027 :

309 2070 316 2079 ’
337 2066 400 2134 Est
416 2070 512 2136 labor
526 2070 579 2134 hic
594 2072 732 2162 triplex,
747 2097 797 2138 me
813 2084 881 2138 tres
895 2069 1147 2162 adierepuellae
1161 2070 1223 2165 (2);

302 2173 476 2255 etaltera
498 2205 573 2286 qua
597 2182 651 2256 sic
671 2183 851 2287 incoepit.

333 2297 487 2389 Oquibus
502 2311 553 2366 eat
567 2313 687 2383 certus,
701 2303 864 2386 dominae,
876 2308 941 2372 iam
957 2324 1070 2374 sensus
1085 2315 1223 2387 amorra,

292 2741 328 2806 d’
344 2744 414 2810 altu
427 2749 566 2831 dinato,
582 2776 600 2817 e
613 2753 651 2814 di
672 2752 757 2818 belle
787 2752 918 2839 regioni
934 2748 1134 2838 filosofiche
1147 2792 1161 2830 ,-
1175 2772 1199 2816 e

293 2846 534 2934 astrologiche.
552 2852 636 2916 Altre
651 2876 701 2916 sue
717 2855 863 2927 cunzoni,
879 2875 895 2912 e
917 2853 1028 2918 aonetti
1054 2872 1126 2918 auno
1151 2853 1202 2918 uei

291 2944 328 3010 Τ.
343 2968 385 3010 rv.
402 2946 498 3016 Part.
509 2975 531 3016 r.
539 2974 617 3040 pag.
634 2949 700 3039 3¹9
721 2976 764 3017 ea
772 2975 850 3043 pag.
863 2952 1023 3042 3980delle
1034 2953 1065 3017 di
1076 2951 1118 3017 lui
1127 2971 1201 3040 opu·

290 3067 321 3109 re
332 3049 474 3135 impresse
489 3054 519 3116 iu
540 3056 686 3119 Veneria
702 3053 751 3118 nel
771 3058 863 3144 1758.
876 3075 935 3147 per
949 3053 977 3119 il
991 3053 1096 3121 Zattu
1112 3055 1196 3139 ira-4.

333 3154 346 3234 (
352 3152 385 3233 1)
399 3149 466 3215 Cori
481 3154 529 3218 uel
545 3157 677 3238 margine
692 3175 700 3214 ε

321 3249 427 3315 Amor
440 3252 498 3320 che
514 3261 619 3322 muovi
636 3269 693 3322 trra
708 3256 795 3322 virtu
810 3257 869 3322 dal
885 3255 997 3337 Caelo,

367 3351 464 3419 Come
479 3354 506 3419 il
522 3355 582 3423 Sol
597 3357 843 3448 luspleudore.

334 3458 389 3535 (a)
405 3453 473 3517 Cos'r
489 3454 537 3520 nel
552 3460 703 3542 margine:

321 3553 383 3617 Tre
398 3556 505 3621 dozarae
520 3561 652 3627 intorno
666 3559 703 3626 al
718 3582 795 3626 cuor
810 3562 855 3624 mi
869 3582 929 3624 son
944 3570 1101 3627 vertute...

364 3651 480 3718 Dorme
488 3701 498 3732 ,
513 3657 668 3727 cla‘avete
682 3662 847 3728 intelletto
861 3659 895 3725 d’
906 3684 1034 3727 amore.
