3000 4852
1028 400 1148 476 fxxxur

293 521 610 629 praetermissam
622 521 872 611 decernimus
900 555 1030 633 nunc,
1047 555 1205 645 utpote

292 639 556 765 laudabilem,
575 663 616 734 et
646 655 989 788 commendatione
1021 655 1181 772 diguam

293 771 340 857 ad
364 717 556 864 ellectum
571 781 807 894 perducere.

303 900 487 1001 2'Curu
478 934 607 1049 itaque
628 911 836 995 illorum
803 942 961 1012 erueres,
983 939 1097 1032 atquo
1118 950 1202 999 ossa

293 1029 333 1115 in
365 1038 530 1148 patriam
560 1038 819 1153 reportanda,
859 1063 898 1124 et
937 1048 1209 1128 monumentis·

288 1164 466 1281 eitu'dotu
498 1168 707 1254 condenda
742 1171 910 1256 Decreta
932 1175 1106 1285 patriae
1122 1177 1202 1260 exi

179 1344 182 1349 -
289 1317 415 1405 stant,
434 1298 591 1414 sintque
613 1301 828 1386 incivitate
851 1320 970 1385 vestra
986 1303 1197 1387 Ravennati

288 1423 449 1530 eineres,
469 1449 509 1513 et
527 1459 613 1510 ossa
630 1430 764 1512 Dentis
784 1428 933 1541 isprins,
949 1427 1201 1540 Magnificen-

289 1550 381 1665 tiam
392 1556 581 1663 Vestram
600 1557 915 1641 affectuosissime
937 1587 1128 1668 rogamus,
1158 1586 1201 1642 ut
1277 1558 1281 1568 ’

289 1709 370 1768 non
389 1681 594 1786 difficilem
606 1716 647 1769 se
660 1718 700 1770 so
718 1686 810 1770 uelit
831 1679 1013 1771 exhibere
1034 1690 1132 1775 eirca
1157 1690 1206 1769 ἱΙ·Δ

292 1804 423 1893 lorum
440 1812 740 1920 redditionem,
772 1814 842 1899 sed
875 1813 1006 1899 favore
1027 1815 1138 1899 nobis
1159 1848 1202 1902 an

291 1933 487 2026 desiderio
520 1969 651 2028 nostro
686 1967 901 2058 praestare,
920 1974 1004 2060 qno
1024 1972 1096 2057 pro
1128 1944 1215 2027 illis-

286 2093 375 2155 enm
390 2084 534 2192 ea,qna
547 2072 680 2180 decet,'
692 2076 937 2158 veneratione
951 2073 1051 2158 istuc
1071 2074 1200 2159 mitte·

283 2228 384 2309 re,et
394 2204 632 2287 Florentiam
645 2202 840 2288 transferri
855 2200 981 2289 faeere
994 2200 1199 2295 valeamus.

359 2332 487 2450 Super
515 2365 638 2454 qnam
668 2331 833 2450 quidem
875 2361 959 2415 retn
991 2333 1074 2414 non
1116 2363 1199 2444 gra·

284 2489 331 2545 re
365 2465 441 2572 sit,
460 2494 667 2575 rogamus,
702 2463 862 2546 Vestrae
884 2454 1196 2568 Magnificentius

282 2590 392 2675 uobis
410 2590 671 2704 respondere.
694 2591 839 2674 Datum
876 2579 1096 2668 Florentiae
1129 2587 1193 2669 die

204 2816 207 2822 Ι
280 2720 403 2830 prima
423 2720 625 2807 Februarii
645 2740 910 2804 mccuexxvrrtr.

278 2965 372 3054 tonel
391 2966 484 3060 1396.
499 2969 773 3060 compresijgsossero
794 2991 846 3058 per
859 2966 885 3032 ιὶ
900 2963 977 3032 tatto
994 2986 1104 3043 onore,
1118 2964 1195 3032 oltre

276 3071 287 3132 i
302 3070 357 3134 due
372 3070 422 3160 qui
437 3074 594 3149 nominati,
610 3092 717 3138 ancora
732 3071 755 3136 il
768 3069 939 3145 Romanuin,
963 3063 986 3129 l’
999 3065 1162 3140 decursio,
1177 3086 1193 3126 e

282 3169 395 3238 Zanolri
409 3175 446 3240 da
462 3173 598 3246 strada?
610 3172 719 3251 Quarto
733 3173 865 3259 prezioso
879 3169 1071 3244 documento,
1084 3161 1192 3230 allatto

280 3293 390 3357 ιιιιοιο
407 3299 423 3339 e
437 3275 492 3342 che
504 3275 631 3368 aquello
645 3275 762 3364 appella
778 3274 828 3340 del
846 3271 953 3360 1396„
968 3290 1027 3334 nou
1038 3269 1079 3352 gli
1094 3268 1192 3332 nomi

279 3364 341 3456 uri,
345 3376 472 3446 motha
457 3382 606 3473 elausere
635 3380 691 3443 essi
716 3392 754 3442 rte
778 3373 892 3442 fossero
917 3370 1187 3448 meritevotissint,
1290 3435 1299 3450 ,

280 3478 407 3568 dunque
413 3476 681 3573 eacuuoltiudersi
707 3500 783 3545 esser
797 3463 872 3542 falsa
886 3474 911 3540 sl
927 3472 1003 3560 latta
1031 3475 1192 3539 asserzioue

278 3584 454 3665 innotata,
476 3607 532 3674 per
558 3597 668 3674 quanto
691 3582 739 3651 lto
747 3583 874 3659 reduto,
900 3575 971 3644 dall’
983 3554 1151 3643 lmmirato
1167 3575 1190 3639 il

280 3673 416 3761 Giota'ne
435 3690 524 3758 nelle
547 3690 662 3776 giorum
666 3683 726 3756 alla
741 3687 831 3751 storia
847 3682 896 3749 del
916 3682 1055 3761 seniore,
1070 3680 1188 3768 squin-
1249 3773 1251 3777 ι

279 3795 312 3862 di
326 3799 506 3865 siccamente
521 3795 665 3879 segnitatu
673 3787 758 3876 'degi‘
768 3789 881 3855 istoriei
894 3784 1071 3875 posteriori.
1181 3800 1184 3805 ·

872 3927 893 3977 c
921 3992 923 3997 .
