3000 4852
948 318 1024 424 rip

166 472 235 550 que
253 458 489 524 monumento
507 445 686 521 obruendi
712 450 872 524 iniuncta
904 474 1001 540 cura,
1020 451 1096 525 osli·

165 562 359 662 ciumque.
390 559 497 654 Quod
526 583 612 632 seue
640 559 810 633 omnibus
844 562 1090 660 gratissimum

161 674 368 765 acciderat,
385 673 442 746 his
459 673 670 772 praesertim
689 673 964 773 probatissimis,
981 691 1088 774 atque

161 783 457 859 laudabilissimis
475 786 585 876 uiris,
602 809 756 883 quorum
788 786 921 863 uirtute
949 785 1091 865 Sancti·

63 960 67 967 .
161 900 247 970 tatis
264 899 312 975 V.
332 895 453 970 laudes
474 895 762 971 innumerabiles
779 923 865 972 sane
882 897 930 970 ad
942 897 1086 975 ‚caelum

156 1008 425 1083 efferebantur.
443 1007 635 1086 Nemeum
648 1014 809 1111 primum
826 1012 872 1084 de
890 1036 930 1083 ea
950 1012 988 1083 id
1008 1037 1086 1088 tnu-

154 1126 253 1196 neris
272 1125 560 1228 impetravimus,
574 1124 680 1197 aedes
697 1122 861 1197 mercede
879 1125 1091 1215 conductae,

157 1234 363 1336 frequentes
375 1238 470 1310 coire
484 1260 623 1329 omnes,
637 1250 819 1309 maternos
831 1236 1029 1333 rhythmos
1046 1236 1092 1311 ad

155 1347 278 1448 lyram
296 1374 425 1427 canere
435 1405 447 1443 ,
473 1362 585 1451 atque
611 1350 796 1449 imprimis
815 1349 1023 1425 Sanctitatis
1038 1351 1083 1424 V.

155 1464 367 1549 meritorum
385 1489 464 1562 erge
483 1490 547 1537 nos
560 1461 866 1561 magnitudinem,
878 1463 1090 1558 gratiarum·

158 1597 228 1673 que
245 1575 485 1668 relationem,
505 1576 592 1650 licet
609 1574 742 1677 pudeat
755 1599 820 1674 pro
834 1586 934 1645 tauta
954 1597 991 1646 re
1010 1587 1087 1649 tarn

157 1686 224 1758 vili
244 1683 563 1786 delungi'muuere
580 1689 750 1762 orationis
761 1741 772 1777 ,
791 1689 996 1785 passimque
1014 1686 1086 1760 lae·

160 1799 257 1884 titiis
270 1797 440 1874 omnibus
470 1800 661 1892 incedere,
679 1799 938 1898 interdumque
968 1800 1083 1873 nimio

156 1932 250 2006 pene
267 1911 396 2008 gaudio
415 1912 598 2014 desipere.
614 1914 753 2014 Operae
782 1912 940 2012 pretium
971 1908 1088 1985 fuerat

155 2018 277 2094 videre
298 2047 415 2121 quum
434 2025 583 2097 iuuenes
599 2078 610 2114 ,
627 2048 742 2124 quum
767 2024 877 2096 etiarn
906 2021 1084 2099 confectos

158 2133 276 2222 viros,
292 2136 484 2234 primarios
501 2133 641 2225 scilicet
659 2148 766 2236 etque
783 2136 1079 2236 praestantiores,

160 2243 344 2341 Athenas,
361 2274 434 2323 uon
452 2250 635 2326 Minervae
649 2305 660 2341 ,
675 2251 808 2323 Leonis
825 2249 1084 2348 intelligimus,

155 2355 246 2450 alius¹
263 2361 377 2432 alium
401 2362 661 2461 proculcantes,
677 2385 717 2432 ec
734 2361 981 2452 detrudentes,
1005 2387 1081 2436 cer·

155 2472 261 2543 tatim
279 2486 401 2571 petere
413 2527 429 2560 ,
445 2472 632 2573 patefactis
646 2468 816 2562 aedibus,
833 2471 988 2570 oppletis
1006 2498 1084 2572 sps-

153 2584 332 2655 ctentium
360 2583 454 2675 viis3
480 2580 797 2682 percomptabetur
829 2587 901 2656 iam
930 2583 1081 2682 quisque

152 2718 229 2768 rem
251 2719 407 2787 novam,
432 2720 480 2768 ac
508 2696 718 2771 sanctitatis
737 2701 781 2773 V.
799 2713 967 2800 percepto
1001 2723 1081 2771 mu«

153 2832 261 2899 nere,
285 2808 330 2881 ad
359 2806 501 2882 caelum
531 2833 659 2882 manus
692 2809 889 2903 efferebat,
918 2810 1082 2884 clemen·

148 2921 237 2990 tiam
256 2919 548 3023 obstupescebat:
573 2928 759 3022 pervagari
779 2924 912 2997 famam
931 2927 987 2997 sui
1003 2939 1080 2997 stu-

149 3029 210 3103 dio
228 3046 443 3106 restauratae
461 3038 633 3135 pristinae
654 3038 883 3127 Academiae,
895 3061 1080 3136 nuperque

148 3142 1082 3250 tambeneinstitutaelandespraedicareDiviLeonis

147 3283 238 3357 ope,
255 3287 321 3358 ope
338 3263 470 3335 Leonis
489 3266 637 3365 inquam
666 3290 701 3335 x.
733 3266 836 3337 cuius·
860 3277 949 3335 rrutu
980 3261 1074 3341 orbis

145 3383 261 3442 terrae
279 3388 438 3471 regatur:
459 3380 636 3452 iuvenum
654 3375 932 3451 exercendorum
963 3377 1076 3474 gratia

147 3480 272 3558 ludum
292 3487 518 3586 adapertum,
530 3489 789 3566 diverticulum
808 3487 982 3561 sciliceta
1002 3491 1070 3561 nai·

148 3600 264 3695 seriis,
277 3626 315 3676 ec
328 3602 509 3680 Musarum
526 3604 745 3706 perfugium,
759 3607 801 3699 in·
812 3629 888 3704 quo·
900 3605 1076 3692 aeterum,
