3000 4852
511 362 591 464 tias

438 527 479 579 aa
500 499 617 583 inisse
651 497 725 584 boc
758 497 916 584 consule
950 495 1252 607 sacrosanctas,
1283 500 1362 591 ian

346 697 351 706 .
437 627 539 710 inter
560 630 744 741 primates
759 629 971 733 collocati,
995 629 1035 711 in
1057 624 1174 711 buius
1193 627 1364 720 duarum

437 753 630 866 impeturn
651 758 820 861 saciant,
843 761 882 841 in
906 756 1093 869 praedam
1109 781 1265 843 vertunt
1280 760 1359 844 for·

438 903 550 966 tunae
571 887 681 991 eius,
702 885 868 969 domum
890 908 1061 997 aequant
1094 885 1202 990 solo,
1234 916 1360 1000 popu-

441 1006 570 1094 lantur
589 1045 711 1123 agros,
733 1014 983 1122 proscribunt
1004 1010 1220 1117 bominem,
1234 1014 1356 1102 iidem

439 1164 530 1223 sunt
572 1144 611 1222 in
648 1141 883 1225 palmarium
918 1138 1151 1223 Altovitutn
1183 1140 1360 1251 iudices,

436 1269 696 1381 eiusdemque
717 1268 900 1350 damnant
922 1269 1123 1375 criminis,
1143 1268 1279 1352 eadam
1299 1271 1355 1356 as·

324 1424 330 1450 ]
438 1391 577 1479 ficiunt
599 1397 733 1481 muita.
758 1396 1006 1478 iudicationis
1027 1419 1119 1478 vero
1139 1427 1258 1508 genus
1278 1397 1358 1485 fuis

373 1529 376 1534 ’
436 1523 534 1610 boc:
558 1529 702 1637 Legem
732 1525 1143 1640 tuleruratnequitiae
1173 1524 1355 1639 planam,

435 1685 513 1770 qua
536 1657 749 1739 iuberenta
767 1657 1008 1767 praetoribus
1025 1655 1359 1766 principumcau«

434 1813 492 1864 sas
527 1784 744 1868 iudicatum
766 1783 839 1886 iri,
860 1781 921 1864 vel
942 1813 1017 1887 eas,
1037 1784 1077 1864 iu
1100 1783 1246 1898 quibus
1266 1783 1357 1868 sue-⁴

437 1914 513 1993 rint
545 1910 827 1995 absolutionem
855 1911 1042 1994 assecuti.
1065 1911 1210 1996 Cautes
1237 1911 1355 2020 igitur-

437 2037 665 2142 Gabrieles,
685 2039 756 2152 qui
779 2061 873 2121 tunc
903 2061 981 2121 erat
1010 2059 1160 2150 praetor
1191 2034 1356 2121 floram

440 2168 526 2270 tiae,
540 2168 580 2248 ira
601 2167 659 2248 ius
674 2166 826 2250 vocavit
843 2168 1009 2250 Dantem
1026 2196 1093 2276 per
1108 2193 1357 2275 praeconem,

438 2317 478 2375 et
499 2292 738 2379 palmarium
760 2294 895 2377 ambos
928 2294 1133 2398 absentes,
1153 2291 1201 2374 ad
1224 2294 1357 2379 Ponti·
1393 2323 1397 2328 ·

434 2419 631 2539 ficemque
664 2421 858 2531 collegas,
891 2425 1037 2537 quibus
1070 2418 1142 2535 per
1175 2421 1373 2504 inimico-v

434 2582 521 2635 rum
539 2550 1232 2666 factionem,potentiamquetniuime
1245 2577 1352 2631 com-

440 2681 679 2790 parentibus,
700 2683 1003 2764 incontumaces
1024 2701 1080 2760 est
1101 2675 1175 2759 lata
1200 2696 1359 2757 senteu-

434 2810 510 2912 tia,
530 2839 573 2889 ac
595 2838 841 2919 peromnem
863 2810 1150 2924 iniquitatem,
1171 2827 1209 2886 ct
1229 2801 1357 2887 fortu—
1383 2888 1390 2898 ,

437 2967 509 3021 trae
531 2935 608 3018 suis
629 2933 836 3018 clientibus
868 2936 1105 3049 applicatae,
1142 2956 1180 3016 et
1212 2959 1360 3016 eorum:

337 3076 342 3081 ’
436 3066 669 3179 proscriptae
704 3065 803 3148 vitae
822 3060 911 3180 (ι)
940 3062 1215 3167 Prob'Deum,
1234 3080 1362 3174 atque

479 3447 531 3534 (ι)
546 3448 621 3515 Poco
637 3450 728 3538 dopo,
744 3449 820 3526 ciue,
835 3449 863 3512 ai
886 3468 931 3513 ro.
947 3447 1050 3512 Marzo
1064 3443 1136 3512 dell'
1147 3466 1227 3511 anno
1245 3440 1341 3509 1302.

435 3544 592 3616 fulminata
608 3549 639 3615 su
654 3565 759 3617 contro
774 3552 805 3614 di
820 3549 873 3626 lui,
888 3572 904 3612 e
920 3546 949 3611 d'
960 3547 1028 3612 altri
1044 3569 1101 3611 una
1112 3547 1164 3636 piri
1178 3544 1248 3609 fiere
1271 3563 1346 3606 eeu·

437 3647 691 3738 teuzapla-quaie
706 3653 835 3729 diceva„
847 3647 949 3728 cbe'se
973 3670 1025 3736 per
1054 3649 1146 3725 mala·
1160 3639 1344 3722 testeime-

437 3770 471 3814 ro
483 3750 582 3834 egliuo
595 3751 696 3818 caduti
710 3751 787 3816 nelle
812 3754 893 3816 mani
916 3747 967 3815 del
989 3745 1358 3829 Comuue1„cun‹ittmti⁸
