3000 4852
556 411 634 466 rto

483 524 601 606 rium:
625 520 925 639 Facturqmrtr
937 517 992 605 de
1011 527 1130 610 rebus
1152 510 1408 611 nostrime-

483 653 533 731 ba
554 642 855 736 subverendu'm
876 668 951 757 est,
967 676 1023 735 'rte
1042 651 1152 769 quiri
1163 664 1317 738 temere
1337 653 1406 740 dt:

482 810 589 886 cam,
603 811 655 865 ne
669 780 776 896 quid
787 786 1067 892 incomposite.
1086 780 1293 866 Haee‘fe're
1305 793 1403 868 saer

482 937 581 1022 quae
601 940 670 991 sua
685 908 783 992 dixit
804 906 960 1018 lingua,
986 907 1285 1027 litterarumque
1297 921 1406 994 mati·

482 1036 590 1120 davit
624 1037 916 1121 immortalitati.
936 1036 1039 1120 Nam
1061 1068 1222 1122 romano
1241 1036 1408 1154 quidem

483 1166 571 1246 stilo
603 1165 728 1248 edidit
762 1194 890 1277 opus,
922 1166 988 1250 eui
1014 1164 1264 1251 Monarchiae
1291 1164 1406 1250 d'edit

487 1324 642 1397 nornen,
662 1293 773 1375 cuius
793 1293 867 1376 hoc
881 1317 937 1376 est
951 1293 1203 1405 principium.
1227 1295 1405 1407 Magni·

359 1413 362 1419 ⁵
484 1419 586 1505 todo
607 1429 717 1526 eius,
738 1428 810 1536 qui
842 1421 990 1539 sedens
1010 1429 1054 1507 in
1074 1424 1222 1505 throno
1242 1429 1406 1535 eunetis

492 1552 750 1659 dominatur,
765 1559 811 1636 itt
831 1542 943 1639 coelo
963 1572 1079 1638 stans
1098 1557 1238 1636 omnio
1268 1540 1408 1660 videt,

485 1715 688 1800 nrtsqoam
704 1683 1059 1790 excluseranuliibi
1071 1702 1131 1766 ert
1144 1680 1406 1784 inritantem

484 1810 634 1900 dividit
649 1821 793 1928 gratio
808 1830 1045 1915 munero‚rtt
1059 1831 1194 1894 mutos
1208 1810 1403 1922 aliom-

489 1943 543 2024 do
544 1943 689 2050 sociat
706 1946 819 2056 toqui
827 1937 844 2045 (
855 1937 903 2053 ι).
917 1934 1058 2024 Edidit
1071 1950 1109 2033 et
1124 1926 1423 2053 opasrie‘Vuls

517 2304 680 2399 Mantuae
690 2330 811 2424 incepit
825 2382 836 2414 ,
851 2344 884 2399 et
902 2331 1053 2402 Veronae
1080 2331 1237 2398 absolvit.
1254 2325 1320 2408 Qui*
1334 2338 1404 2393 no·

515 2444 577 2498 stra
592 2433 615 2499 il
631 2435 658 2499 N
660 2439 720 2522 egri
735 2435 765 2502 d·
779 2439 925 2522 ignorare,
936 2434 991 2502 che
1007 2442 1109 2524 qdesta
1123 2438 1212 2523 opdra
1225 2429 1302 2497 toste
1311 2441 1405 2495 11111-

519 2541 599 2620 pa'ta,
615 2551 699 2602 come
714 2534 814 2604 difatti
827 2538 856 2604 la
872 2539 896 2603 si
908 2535 940 2602 fu
955 2533 1037 2604 sotto
1048 2558 1134 2624 nome
1144 2536 1297 2613 di'Dante,
1309 2533 1406 2597 tited-

517 2659 564 2700 me
580 2641 611 2704 io
625 2628 693 2704 t'ho
708 2644 795 2720 vista,
810 2664 870 2708 non
885 2642 1017 2719 sudore,
1030 2641 1065 2704 ne
1081 2643 1113 2702 in
1127 2637 1214 2723 quale
1228 2632 1403 2702 occasione.

470 2811 472 2815 ,
494 2736 682 2806 Tractatum
704 2745 746 2810 de
770 2745 929 2837 Symbola
946 2744 1092 2810 civitatis
1109 2735 1324 2803 Hierusalem
1331 2783 1344 2816 ,
1360 2752 1401 2802 ae

522 2839 631 2907 alutae
646 2840 782 2912 romae.

478 2939 521 3004 La
537 2941 737 3034 Magnz'fi'eat
754 2952 784 3013 ia
800 2952 876 3014 versi
891 2949 1037 3014 Toseani.
1314 3030 1318 3037 .

528 3046 575 3136 (1)
591 3049 614 3110 E
628 3070 700 3113 cosa
715 3049 907 3128 indubitata,
923 3051 978 3117 che
994 3051 1016 3115 it
1028 3052 1117 3114 Poeta·
1130 3052 1232 3111 nottro
1254 3046 1395 3111 enarrasse

488 3153 512 3217 ri
528 3151 604 3221 fatto
620 3166 746 3219 trattato
761 3153 802 3218 de
816 3150 1027 3234 Monarchia,
1039 3154 1153 3218 mentre
1172 3153 1398 3216 testimonianze

490 3278 524 3318 rte
541 3255 630 3320 fanno
645 3255 811 3319 indubitata
827 3254 848 3317 il
861 3254 1109 3322 Boceaecionelia
1122 3257 1152 3319 di
1164 3254 1291 3328 luivita,
1304 3272 1320 3314 e
1333 3248 1402 3320 Gio.

493 3360 600 3425 villani
618 3359 694 3422 nelle
706 3380 756 3422 sue
772 3356 934 3424 Croniehe.
952 3361 1043 3423 Turta
1059 3361 1087 3422 la
1099 3358 1249 3446 questione
1261 3371 1342 3421 verte
1353 3356 1399 3421 sul

491 3465 595 3525 vedere
611 3485 640 3525 se
657 3474 778 3549 questo,
797 3459 851 3526 che
877 3463 892 3525 ὲ
917 3464 1062 3549 riportato
1079 3463 1127 3524 uel
1143 3463 1179 3526 T.
1190 3483 1234 3524 ιν.
1250 3457 1348 3523 Peri.
1364 3481 1400 3523 rr.

492 3565 568 3626 delle
585 3587 633 3626 sue
656 3585 743 3650 opere
755 3578 900 3652 stampate
917 3567 948 3627 in
969 3565 1110 3629 Venetia
1138 3564 1186 3626 dai
1214 3561 1315 3625 Zatta
1343 3583 1401 3626 eon

495 3666 643 3730 numerica
659 3667 848 3741 distirtziorre,
863 3667 904 3731 sia
921 3667 949 3729 la
966 3688 1037 3744 sua,
1053 3669 1116 3731 odi
1132 3667 1218 3730 altro.
1235 3662 1361 3726 intanto
1377 3664 1398 3726 il

495 3767 642 3861 principio
657 3769 687 3832 di
702 3791 785 3846 esso,
801 3771 852 3858 qui
877 3773 1033 3858 riportato,
1063 3763 1225 3833 diversifica
1241 3759 1350 3828 assatto
1364 3765 1401 3829 da
