3000 4852
350 419 402 474 20

283 526 334 610 At
348 514 492 608 emisse
506 518 617 603 illurn
632 547 679 600 eo
693 514 843 600 facilius
858 522 1199 633 potuitpersuede-

283 657 313 735 ri
335 650 562 756 Boecbacio‚
583 644 693 764 quod
708 668 786 729 erat
801 647 880 758 ipse
895 648 1104 761 Cupidinis
1118 688 1196 739 ser-

280 811 378 890 vus,
400 781 583 893 ultroque
614 796 751 886 suapte
784 797 919 857 natura
946 775 1194 889 ducebatur,

281 935 325 994 ut
339 905 682 994 crederetVeneris
695 897 836 1008 filium,
850 933 970 1018 quem
985 907 1194 994 dominum

281 1039 504 1150 delegisset,
523 1037 729 1145 imperasse
755 1030 1078 1144 quamplurimis.
1112 1043 1192 1124 Sed
1242 1146 1246 1153 Ι

281 1196 353 1275 ego
374 1193 497 1278 aeque
520 1159 760 1264 Beatricem,
780 1188 898 1273 quarn
921 1161 1193 1278 amassefingi.

284 1313 349 1372 tur
371 1290 533 1394 Dentes,
554 1286 761 1369 mulierem
781 1315 958 1401 uuquam
979 1288 1193 1406 fuisseopi·

278 1448 352 1500 nor
372 1414 462 1534 (r),
482 1446 526 1497 ae
546 1413 621 1498 fuit
641 1414 839 1529 Pandora,
860 1445 979 1530 quem
1013 1423 1192 1506 omnium
1219 1531 1221 1536 Α

280 1543 1193 1652 Deorurnmunusconsecutamesselabulantur
1313 1576 1316 1582 ·

219 1760 222 1765 ,
284 1698 429 1784 poetae.
446 1674 620 1783 Scripsit,
639 1671 746 1752 dicet
766 1669 845 1774 ille,
859 1670 907 1753 ed
928 1675 1091 1757 emicem
1106 1692 1196 1758 c'an·

286 1804 410 1882 tiones
430 1795 521 1912 (α)
542 1798 785 1905 scripserunt
801 1820 839 1877 et
860 1799 1000 1879 Poetae
1022 1805 1196 1910 somnia,

285 1922 555 2040 ‹puaeligurate
571 1926 717 2003 ratione
727 1924 850 2000 maius
864 1921 1197 2039 aliquidconrple·

173 2060 175 2065 ’
287 2077 459 2134 ctuntur.
475 2049 722 2156 Scripseruut
737 2069 775 2126 et
791 2047 933 2128 navalia
956 2049 1068 2156 bella,
1081 2077 1118 2135 et
1134 2084 1195 2136 ce-

284 2206 358 2258 stra
376 2181 413 2276 in
438 2175 563 2255 hostes
578 2171 791 2277 firmarunt,
805 2199 842 2255 et
857 2177 1048 2260 machinas
1062 2211 1194 2269 erexe-

273 2331 376 2387 -runr
393 2324 598 2417 poetarum
620 2301 802 2406 carmine,
818 2303 964 2417 quihus
985 2337 1189 2423 nunquam

279 2746 442 2825 dt'etro,e
465 2754 621 2833 trapassa
645 2762 706 2806 cou
733 2740 891 2818 silenzio,
917 2742 1119 2811 ricordando
1145 2747 1178 2813 le

180 2898 184 2907 .
281 2849 421 2935 leggieri
431 2869 470 2920 ,e
486 2843 622 2909 tacendo
638 2842 670 2906 le
685 2844 801 2930 gravi3
818 2865 834 2905 e
851 2842 925 2906 bene
941 2866 1014 2909 area
1039 2845 1095 2927 egli
1112 2859 1191 2916 tutta

280 2951 310 3011 la
324 2949 442 3028 ragione
459 2947 489 3010 di
506 2947 552 3008 dir
565 2941 650 3010 cosi.

320 3056 333 3136 ζ
339 3049 369 3134 ι)
386 3049 454 3112 Non
480 3049 509 3109 vi
524 3048 540 3110 ὲ
553 3057 652 3121 stato,
667 3041 723 3107 che
741 3044 763 3107 il
778 3045 840 3110 solo
865 3046 886 3110 F
888 3045 969 3112 ilello
984 3062 1030 3114 tra
1044 3053 1086 3134 gli
1101 3056 1184 3117 anti-

279 3149 350 3230 chi,
367 3173 418 3238 per
432 3161 543 3238 quanto
558 3143 578 3210 i‘
589 3147 631 3210 mi
645 3146 767 3230 suppia,
782 3145 837 3209 che
852 3149 941 3213 abbia
965 3166 1068 3234 uegeta
1094 3153 1115 3218 l‘
1126 3158 1184 3218 esi-

281 3267 380 3314 steuza
395 3252 426 3313 di
443 3250 573 3312 Beatriee
590 3247 755 3322 Pettium,
774 3245 860 3310 eche
883 3248 904 3310 l'
915 3252 1004 3318 abbia
1015 3256 1135 3318 credute
1151 3278 1189 3319 uu

277 3366 410 3434 suggetto
426 3351 537 3427 ideale,
552 3373 568 3411 e
584 3368 643 3411 nott
660 3367 717 3409 una
733 3367 800 3409 vera
814 3342 977 3419 femmiua.

327 3457 376 3541 (α)
390 3453 462 3524 Tra,
480 3451 507 3514 le
534 3448 609 3512 altre
639 3448 731 3525 arvi,
753 3469 806 3534 per
832 3464 945 3536 quanto
960 3456 989 3517 io
1004 3456 1043 3518 mi
1057 3452 1188 3528 ricordi,

170 3591 171 3595 =
282 3554 399 3638 quella,
414 3548 468 3615 ehe
485 3551 649 3638 principia:

314 3654 342 3716 0
358 3656 408 3718 νυί
423 3652 480 3716 che
492 3673 552 3740 per
568 3650 604 3713 la
620 3651 672 3714 via
687 3649 719 3713 d’
731 3673 822 3716 amor
834 3669 992 3743 passure,

286 3753 313 3816 la
330 3753 446 3842 qualel
463 3754 604 3840 riporttte
620 3750 698 3816 uella
717 3751 797 3841 Vita
813 3777 935 3825 nuova.
