3000 4852
283 504 466 593 lanuotus
482 508 633 615 Pacius,
645 502 789 593 tarsus
801 507 961 617 Torone,
976 530 1014 596 et
1027 537 1121 596 cum
1135 511 1192 598 his

261 684 264 691 ι
286 635 464 753 plerique
479 661 584 724 extra
599 636 726 722 solutu
740 635 908 748 patriuru
923 639 1027 722 missi
1041 642 1146 748 suut,
1159 638 1204 723 il·
1224 638 1227 650 ’

283 759 410 879 lisque
424 765 713 876 circumscripte
734 765 843 847 statio
862 762 969 877 apud
984 761 1200 852 Castellum

281 891 413 978 Plebis
427 894 465 974 io
486 891 797 1004 agro-Perusino.
818 887 870 976 At
883 921 931 976 ex
943 888 1053 978 Albis
1066 896 1200 978 Serua-

283 1049 374 1102 num
391 1020 522 1104 exules
541 1021 644 1103 missi
666 1042 758 1102 suut
771 1019 956 1124 Gentilis‚
969 1044 1008 1106 et
1020 1023 1200 1106 Turrisa·

282 1135 1199 1253 nusCirci,GuidoCavuleantes,BuseheriaFu·

280 1278 447 1380 tursius,
468 1275 714 1358 Buldiuuuius
735 1272 1004 1382 Ardimarius,
1037 1273 1196 1361 Nardus

280 1403 437 1509 Latini,
458 1403 658 1489 Girardiui
691 1398 797 1484 filius
829 1398 920 1517 (r),
950 1426 990 1487 et
1017 1402 1197 1522 plerique

280 1529 356 1637 olii,
377 1563 477 1647 quos
499 1560 728 1614 enumerare
748 1529 975 1615 laboriosius
996 1556 1052 1616 est
1072 1563 1193 1646 quarn

275 1658 343 1743 *vel
365 1660 524 1767 utilius,
546 1660 608 1742 vel
630 1658 901 1771 voluptuosius
922 1722 931 1746 .
951 1658 1042 1744 Hoe
1067 1662 1195 1745 cousi·

283 1785 394 1894 lium,
404 1790 620 1905 Duutisque
633 1787 826 1873 iudicium
840 1817 924 1871 earn
940 1788 1092 1901 peperit
1106 1818 1198 1875 eru·

282 1945 386 2020 sam,
405 1947 505 2031 quae
527 1948 606 1999 nou
629 1916 755 1998 multo
777 1940 863 2026 post
884 1911 1195 1999 exulemreddi·

282 2043 341 2125 dir
361 2045 490 2127 virum
512 2045 785 2148 innocentem,
805 2045 987 2144 etlciveur
1003 2058 1198 2155 praestru-

278 2157 497 2255 tissimum.
517 2170 620 2256 Nam
640 2201 732 2254 cum
755 2173 977 2284 nequiverit
992 2200 1068 2252 nou
1084 2199 1194 2281 aegre
1220 2172 1225 2180 ’

277 2292 377 2379 ferre
391 2300 535 2381 Dentes
549 2298 758 2408 Nigrorum
780 2297 1007 2404 audaciam,
1028 2297 1098 2412 qui
1119 2299 1196 2384 Ca·

281 2420 412 2506 rolum
434 2424 587 2508 fueraut
608 2429 647 2508 iu
670 2426 808 2510 urbem
835 2426 1060 2531 evocaruri,
1080 2425 1194 2512 cuius

280 2577 454 2636 accessus
474 2556 556 2636 sine
577 2556 684 2637 urbis
704 2553 887 2662 infamia,
907 2551 1122 2668 dedecore,
1147 2584 1193 2641 ae

267 2923 372 3014 ,ᾳιιαὶἰ
386 2948 460 2998 cose
473 2942 557 3000 tutte
571 2931 640 3021 egli
654 2951 827 3001 arrresreu
840 2933 929 3002 rolla
950 2931 1097 3001 beliezza
1110 2931 1185 2999 del-

282 3023 319 3091 la
332 3052 493 3119 persona,
511 3061 529 3102 e
544 3057 604 3100 con
619 3036 654 3100 la
669 3034 830 3115 heterna,
846 3060 865 3102 e
880 3038 999 3127 grazia
1013 3034 1070 3101 del
1086 3034 1190 3114 voltu,

280 3145 342 3191 eon
361 3129 396 3194 lu
410 3136 506 3222 quale
517 3136 858 3235 maruvigliosameute
869 3160 927 3204 eru
937 3148 1042 3202 artua
1052 3132 1182 3225 guadu-

289 3235 408 3317 gnursi
422 3237 472 3322 gu·
486 3238 587 3302 anime
583 3230 690 3305 delle
702 3261 861 3330 persone.

320 3335 351 3423 (1
355 3334 370 3419 )
340 3336 451 3400 Gl
441 3341 554 3405 rs'torioi
568 3343 662 3407 nostri
678 3340 719 3424 gii
735 3344 899 3407 uomiuauo
912 3359 968 3405 eon
981 3337 1033 3426 piu
1043 3339 1188 3427 precisio-
1314 3406 1323 3412 .

245 3442 247 3445 ’
277 3451 315 3496 ue
330 3435 459 3504 dicendo
474 3462 567 3505 essere
581 3444 650 3507 stati
665 3433 766 3511 Mers.
784 3441 925 3519 Gentile,
939 3463 957 3506 e
974 3438 1078 3506 Mess
1083 3439 1180 3505 Tor-

283 3532 416 3622 rigiano
431 3537 481 3603 de’
493 3537 629 3620 Cerciti,
644 3540 751 3608 Guido
776 3541 980 3620 Curalcunti,
997 3540 1179 3609 Basctiera

280 3633 371 3700 della
385 3637 469 3704 Tosa
471 3641 875 3724 ,Buldmaccr'oAdimuri,
886 3641 1071 3716 eNaldodi
1080 3642 1182 3714 Mers.

283 3735 418 3810 Lettino
433 3741 655 3812 Gherardini
755 3783 758 3788 ·
