3000 4852
369 359 432 462 ,24

315 496 413 603 soli,
431 518 550 610 atque
570 489 747 603 legimns,
767 491 834 576 sed
852 491 968 576 habet
982 488 1111 573 nescio
1125 490 1225 603 qnid

310 622 460 708 latentis
493 625 667 733 energiae
702 622 812 707 rivae
846 622 950 704 vocis
990 616 1218 705 oraculum.

306 753 514 837 Ducentur
534 778 666 835 autern
688 752 848 834 minime
881 779 991 855 saxa,
1010 746 1080 829 sed
1102 751 1220 832 rnaxi·

305 910 369 965 me
385 879 592 991 homines.
613 880 750 992 ltaque
779 889 881 961 recte
913 875 1042 992 inquit
1060 873 1220 962 Tullius

304 1010 444 1103 mentis
464 1009 733 1118 agitationem,
752 1036 854 1120 quae
888 1033 1094 1119 nunquam
1127 1034 1219 1089 cou-
1320 1098 1324 1105 ,

305 1136 495 1250 quiescit,
515 1130 694 1238 efficere,
716 1157 772 1236 ut,
792 1164 884 1216 cum
906 1131 968 1213 vel
989 1130 1060 1213 soli
1080 1131 1215 1240 simus,

305 1265 511 1371 cupiamus
529 1280 682 1368 semper
702 1259 853 1373 aliquid
875 1257 1032 1364 ridere,
1054 1257 1216 1366 audire,

303 1409 342 1472 et
361 1388 523 1494 discere,
536 1413 574 1469 et
587 1388 785 1472 Homerus
807 1386 1023 1501 plurimum
1046 1384 1213 1471 Vlissetn

301 1516 461 1624 laudat,
481 1516 727 1632 appellatque
746 1515 1124 1630 prudentissimum,
1144 1518 1216 1632 qui
1237 1501 1244 1515 ’

300 1670 432 1732 mores
453 1647 656 1730 hominum
678 1645 892 1730 multorum
910 1643 1021 1754 vidit,
1035 1668 1076 1729 et
1090 1646 1217 1734 urbes.
1290 1679 1292 1683 ’

183 1792 192 1809 ’
253 1865 255 1869 .
302 1773 506 1859 Praeterea
539 1774 668 1889 quod
677 1777 821 1860 Seneca
856 1772 1008 1881 voluit,
1038 1771 1219 1887 dandum

305 1925 364 1984 est
385 1898 548 2016 aliquod
581 1900 829 1986 intervallum
862 1903 1016 1985 animo.
1038 1900 1157 2010 Ego
1146 1925 1220 1987 isto

299 2029 525 2138 rubiginoso
558 2028 739 2145 squalore
771 2030 917 2115 obsitos
921 2030 1110 2140 pannis,
1142 2060 1210 2112 an·

294 2156 457 2293 nisque,
478 2187 682 2273 nunquam
681 2159 827 2269 pluris
846 2132 996 2263 faciam,
1016 2159 1205 2272 quoniam

289 2311 413 2399 aeque
433 2315 477 2368 ac
497 2311 661 2369 noctuae
682 2309 883 2370 versentur
908 2313 1083 2430 semper·
1081 2281 1205 2393 domi,

298 2410 429 2493 sibi
394 2437 549 2519 vivant,
567 2412 639 2495 sibi
660 2415 832 2523 sapiant,
859 2441 1001 2527 neque
1020 2412 1208 2526 cuiquam

200 2614 203 2618 .
291 2543 465 2650 prosint3
484 2479 553 2656 qui
573 2543 666 2656 quia
686 2565 778 2624 sunt
798 2543 954 2652 ingenio
988 2539 1116 2625 hebeti
1131 2594 1146 2646 ,-
1162 2565 1203 2626 et

291 2697 415 2750 crassa
437 2667 593 2778 lingua,
616 2700 692 2750 non
713 2668 859 2751 audent
881 2699 963 2751 esse
984 2667 1204 2776 runcaliis,

290 2795 510 2910 voluntque
549 2827 640 2877 suae
682 2796 955 2907 ineptitudinis
994 2794 1122 2878 labem
1160 2797 1225 2901 in¹

286 2951 402 3004 omne
425 2922 628 3004 hominum
653 2929 813 3008 transire
834 2923 1072 3006 concilium.
1093 2923 1197 3005 Lau·

285 3049 339 3131 do
372 3081 605 3163 magnopere
639 3053 833 3158 Dantem,
862 3053 929 3166 qui
965 3047 1195 3163 loquend0‚

286 3177 565 3282 conversando,
586 3175 784 3259 audiendo
786 3177 1066 3291 ‚videndoque
1081 3177 1194 3259 iutel-

218 3415 221 3418 4
279 3302 420 3414 ligebat
440 3309 593 3410 omnia,
614 3302 770 3388 videbat
790 3305 936 3412 singula
941 3330 1190 3452 ‚cunctaque
1243 3418 1248 3426 .

278 3432 575 3542 speculabatur.
596 3437 748 3517 Tantus
781 3455 909 3513 autern
932 3435 991 3516 vir
1012 3433 1061 3515 ad
1095 3431 1189 3517 lraec
1260 3469 1263 3473 ·

279 3557 394 3668 legit,
416 3561 560 3674 quibus
581 3561 820 3643 donarentur
842 3563 1095 3666 muneribus,
1115 3563 1186 3675 qni

274 3690 380 3796 apud
404 3689 731 3797 Lacedaemonius
765 3689 980 3797 nuberent,
1012 3721 1185 3804 quorum
