3000 4852
365 362 417 447 28

300 498 533 583 matrimonii
556 497 712 583 fraeno.
732 495 816 605 Qui
836 493 944 578 enim
965 512 1121 598 amant,
1141 495 1215 607 qui

300 627 378 734 die,
399 630 603 739 noctuque
623 651 886 737 per‘amorem
908 620 1121 730 fluctuant,
1141 626 1214 740 qui

302 777 438 865 potant
455 821 466 860 ,
486 757 555 867 qui
577 752 752 856 donant,
785 751 852 864 qui
889 748 1160 834 distrahuntur
1182 752 1214 833 ‘u

299 879 413 966 bonis
435 882 600 986 artibus,
610 880 680 994 qui
696 876 888 961 sodaliciis
903 872 1113 960 assuefiunt
1128 907 1214 990 pes·

302 1009 425 1115 simis,
445 1007 564 1091 ducta
586 1007 750 1116 coniuge
769 1005 979 1108 abstineut,
999 1003 1109 1086 domi
1130 1034 1217 1115 per·

302 1158 540 1238 nectantur,
559 1132 609 1214 ad
631 1161 770 1216 uxores
784 1153 1021 1216 convertunt
1040 1132 1217 1237 animos,

297 1261 371 1342 sibi
393 1262 582 1367 serviunt,
602 1260 803 1371 negligunt
824 1282 964 1342 cetera.
986 1257 1028 1343 Si
1046 1258 1215 1367 sapiunt,

296 1388 406 1471 domi
427 1392 544 1472 etiam
564 1389 768 1495 abstinent,
788 1386 896 1471 domi
920 1410 1212 1497 pernoctantur,

295 1517 345 1600 ad
367 1548 507 1602 uxores
543 1538 856 1625 convertuntur.
878 1517 959 1601 Sed
994 1517 1026 1599 si
1057 1513 1215 1598 libidini

299 1672 392 1730 sunt
413 1645 587 1753 obnoxii,
607 1643 1062 1729 saturanturdontestieo
1081 1643 1215 1728 convi-

299 1774 394 1875 vio,
426 1770 613 1888 fiuntque
646 1774 696 1856 ad
729 1803 812 1856 rem
845 1770 1069 1884 parandam,
1090 1766 1216 1855 virtu·

300 1921 463 2015 resque,
482 1901 688 1984 ardentes.
708 1900 812 1985 Nam
834 1901 905 2014 qui
925 1922 1076 2011 patrem
1096 1928 1136 1979 se
1157 1899 1214 1982 vi·

294 2026 364 2110 det
387 2023 499 2131 fieti,
519 2057 559 2108 se
579 2026 695 2113 talem
716 2056 798 2109 esse
818 2050 942 2132 curat,
954 2024 1089 2142 quales
1109 2021 1213 2108 filios
1321 2102 1325 2113 ,

294 2184 377 2236 esse
397 2153 504 2239 velit.
518 2157 634 2264 Quae
654 2184 745 2237 eum
768 2185 847 2237 non
869 2157 1057 2264 ignoraret
1076 2155 1210 2236 omnia

291 2281 439 2365 Dentes
454 2280 594 2392 Aliger,
609 2280 651 2363 id
665 2306 721 2365 est
735 2307 945 2390 assecutus,
955 2284 1072 2367 ductu
1083 2282 1210 2367 Gem-

289 2439 365 2517 ma,
385 2433 429 2493 ut
449 2440 541 2492 curu
563 2409 612 2490 ad
633 2410 878 2494 consularem
893 2435 1053 2495 aetatem
1067 2439 1209 2522 petre·

290 2540 423 2642 nisset,
438 2541 538 2621 inter
554 2539 791 2652 reipublicae
807 2538 1081 2651 gubernandae
1096 2539 1201 2649 prin·

288 2670 394 2780 cipes
415 2670 462 2749 sit
479 2667 790 2786 designatus,(t).
804 2672 969 2755 Factum
991 2695 1048 2763 est
1074 2690 1205 2750 autem

289 2795 330 2876 id
346 2829 365 2876 a
379 2795 620 2877 senatoribus
634 2800 834 2906 consulto,
849 2829 927 2881 nou
941 2821 1059 2901 sorte,
1076 2819 1118 2877 ut
1132 2793 1203 2876 lto·
1281 2813 1284 2818 ’

291 2921 356 3004 die
373 2922 556 3033 leguntur
571 2921 817 3032 Magistratus
831 2925 863 3009 F
865 2923 1060 3027 lorentini,
1073 2923 1204 3030 reipu-

329 3295 378 3384 (t)
394 3298 427 3362 Ei
442 3295 473 3363 fu
491 3300 541 3364 uel
556 3321 677 3389 numero
691 3301 739 3365 dei
755 3299 868 3380 Priori,
886 3284 1027 3389 Supremo
1039 3302 1200 3385 Magistra-

285 3411 317 3464 ιο
335 3398 412 3462 uella
428 3399 609 3488 Repubblica
617 3404 638 3465 F
640 3396 842 3480 intentiua,ed
855 3403 956 3485 eguale
969 3403 1049 3466 uella
1063 3403 1199 3484 giurisdi-

283 3504 366 3565 ziuue
378 3502 407 3566 al
423 3503 682 3580 Gonfalonierato,
694 3527 710 3567 a
722 3509 769 3569 cui
782 3502 950 3591 si‘spettava
962 3518 1078 3591 portare
1090 3501 1197 3564 l'Inse-

264 3622 336 3682 agua
347 3603 394 3667 del
405 3604 533 3668 comune
548 3609 578 3669 di
589 3607 609 3668 F
612 3610 718 3680 irenze,
728 3604 794 3667 da’t
804 3605 831 3669 5.
843 3606 961 3687 Giugno
972 3605 1019 3669 del
1036 3606 1125 3666 1300.
1135 3598 1201 3667 fluo

284 3699 311 3766 ι’
330 3703 543 3787 15.d'Agosto
558 3708 589 3771 di
599 3709 683 3772 detto
697 3725 777 3771 anno
791 3704 862 3770 nell’
874 3708 922 3772 eti
938 3708 969 3772 di
984 3707 1055 3772 anui
1071 3699 1124 3793 35.
1204 3764 1208 3772 .
