3000 4852
279 364 393 591 νεῗεῗ
412 497 705 614 suntoppressi.
721 497 975 614 linquerecte
997 498 1098 588 illud
1122 532 1198 593 nus

277 631 523 722 commonuit
535 623 791 736 Tragoedus:
1072 727 1073 730 Ν

227 822 233 831 ,
313 746 420 828 Nemo
434 756 582 838 confidet
597 755 730 823 nimium
744 751 917 836 secundis,

193 888 195 892 “
243 921 253 939 ‚
311 859 417 929 Nemo
430 861 580 954 desperet
592 856 729 926 meliora
743 855 853 948 lapsis
864 898 877 936 ,

292 1025 295 1031 .
313 961 434 1030 Miscet
447 961 527 1029 laec
541 957 614 1025 illis
625 1004 636 1037 ,
648 955 859 1048 prohibetque
875 953 995 1024 Clotho

314 1061 414 1131 Sture
427 1064 594 1148 fortunam
607 1104 619 1141 ,
635 1069 724 1126 rotat
739 1060 974 1152 omuesatum:

283 1167 401 1278 paulo
422 1169 526 1248 enirn
547 1190 655 1247 antea
688 1166 860 1248 dixerat:

315 1290 415 1376 Quem
429 1292 502 1360 dies
518 1292 599 1360 vidit
615 1293 744 1359 veniens
759 1292 946 1382 superbum,

315 1389 414 1458 Hunc
426 1394 500 1461 dies
515 1392 742 1484 viditsugieus
757 1394 933 1461 iacentem.
954 1466 957 1476 ,

283 1491 430 1581 Merito
462 1497 641 1581 laudatur
663 1499 709 1583 C.
731 1497 879 1582 Marius
899 1496 1084 1609 Arpinas,
1118 1497 1191 1613 qui

197 1694 200 1700 .
285 1651 416 1741 neque
456 1628 496 1712 in
533 1628 715 1714 secundis
755 1628 908 1729 ridere,
943 1656 1014 1712 nee
1052 1627 1093 1709 in
1125 1625 1194 1708 ad·

245 1801 248 1805 ,
288 1754 405 1860 versis
445 1757 549 1839 visus
581 1782 640 1842 est
680 1786 853 1871 unquam
885 1751 1006 1861 flere,
1044 1749 1193 1868 quippe

288 1883 358 1989 qui
397 1880 519 1966 solam
561 1886 745 1965 virtutem
786 1912 893 1965 suam
932 1909 1014 1962 esse
1052 1908 1195 1989 cogno·

290 2032 439 2112 sceret,
475 2007 576 2093 coeli
612 2039 702 2089 vero
723 2033 879 2112 motus,
899 2006 1195 2090 administratio·
1218 2043 1221 2050 ’

290 2161 459 2248 nemque
472 2133 645 2216 divinum
661 2159 795 2218 nostro
809 2158 909 2218 nutu
923 2133 1083 2218 minime
1096 2134 1192 2245 regi,

292 2286 477 2377 esseque,
499 2288 542 2346 us
562 2263 747 2377 Virgilius
766 2265 907 2380 inquit,
927 2289 1080 2369 verum,
1099 2289 1193 2349 cum

290 2410 367 2472 ult:

278 2564 280 2568 Α
318 2512 466 2586 Fortuuu
480 2511 703 2613 omnipotens,
717 2531 750 2589 et
764 2518 974 2590 ineluctabile
986 2518 1106 2603 sotum:

290 2646 380 2704 num
413 2626 526 2735 mulsi
555 2627 603 2709 ad
632 2626 908 2710 fatumvenere
935 2618 1195 2726 sunm,dnm

291 2742 364 2829 futu
387 2751 538 2852 timent,
552 2754 785 2870 ducuntque
801 2753 998 2840 volentem
1014 2751 1103 2859 iate,
1124 2779 1196 2833 no-

290 2869 434 2961 lentem
461 2879 643 2987 truhnnt‚
677 2908 720 2966 nt
740 2915 832 2968 eum
864 2889 1017 2971 Seneca
1044 2878 1197 2995 loquar.

290 2998 420 3087 Crede
453 3007 560 3116 mihi,
580 3011 650 3125 qui
671 3008 763 3094 haec
789 3010 902 3122 leges,
922 3035 1025 3094 recte
1044 3007 1188 3124 dixisse

289 3133 564 3241 peritissimum
587 3162 762 3222 nostrum
783 3138 981 3225 Nasonem
1002 3133 1094 3258 (ι),

337 3412 389 3502 (r)
404 3415 420 3480 Ι
435 3424 564 3504 seguenti
580 3433 702 3510 quattro
723 3424 798 3488 versi
813 3415 989 3486 falsamente
1015 3421 1162 3488 attributi
1178 3444 1198 3492 a

297 3511 418 3598 Ouidio,
436 3544 507 3602 sono
520 3527 549 3590 di
566 3526 745 3598 Gioveneler
758 3526 770 3590 i
784 3526 872 3614 primi
888 3526 944 3589 due
961 3526 1038 3592 uelle
1050 3528 1124 3595 Sot.
1136 3543 1203 3590 xm·

291 3617 364 3702 vel.
383 3622 435 3717 553
452 3627 523 3711 egli
539 3629 607 3697 altri
621 3632 676 3697 due
696 3628 776 3697 nella
791 3627 858 3702 Sat
873 3651 930 3697 vn.
945 3655 975 3702 ν.
995 3651 1066 3719 197·
1086 3627 1157 3719 ¹93·
