3000 4852
956 367 1029 452 105

168 514 449 625 occupationes
463 510 633 615 bellicas,
643 507 923 622 castrensiaque
939 509 1091 617 pericu·

176 640 237 747 la,
268 639 505 726 iamdudum
539 637 665 723 edidit
696 637 857 722 demum
886 638 1090 722 Ravennae

175 799 278 852 anno
292 769 422 854 aetatis
435 799 526 852 suae
540 765 715 854 secundo
728 786 769 850 et
782 764 1089 883 quadragesimo.

176 895 316 982 Noluit
338 926 416 979 non
442 893 577 981 decies
610 902 788 1007 repetita
819 891 983 995 videre,
1017 925 1086 976 n&

176 1056 357 1138 numque
371 1029 416 1108 in
430 1054 590 1107 annum
601 1053 804 1131 premere,
817 1052 868 1103 ac
882 1022 992 1103 male
1006 1039 1087 1100 tor·
1185 1072 1187 1074 -

175 1171 296 1235 natos
317 1147 463 1233 incudi
476 1149 653 1233 reddere
668 1180 814 1233 versus.
828 1149 966 1257 Quare
980 1145 1087 1226 soleo

173 1277 385 1393 aliquando
412 1275 584 1357 multum
605 1305 743 1359 eorum
765 1273 947 1356 admirari
970 1275 1086 1384 perti-

173 1409 320 1490 naciam
335 1461 350 1511 ‚·
380 1405 450 1519 qui
472 1402 594 1490 velint
615 1406 771 1489 initium
798 1406 926 1516 operis
946 1401 1089 1485 intelli·

172 1532 345 1644 gendum
366 1561 468 1638 esse,
487 1528 599 1646 quod
612 1530 662 1617 ad
683 1532 870 1645 quintum
885 1556 923 1614 et
940 1533 1088 1642 trigesi·
1197 1637 1199 1644 Ι

162 1691 283 1745 -mum
310 1691 456 1744 annum
476 1691 567 1745 suae
594 1662 694 1744 vitae
720 1666 891 1772 coeperit
906 1661 1003 1743 hanc
1022 1689 1087 1743 co·

172 1789 368 1873 moediam
388 1787 553 1900 luder03
580 1818 740 1873 cursum
773 1791 877 1872 enim
911 1817 1088 1872 commu·-

163 1916 458 2003 ³nish0minum
492 1920 619 2025 vitae,
652 1919 981 2029 septuagesimum
1016 1948 1083 1998 vo·

179 2043 267 2130 lunt
286 2077 434 2130 aunum
456 2048 655 2157 attingere,
675 2047 969 2160 dimidiumque
990 2048 1090 2127 vitae

171 2202 248 2254 non
282 2204 323 2255 re
356 2204 400 2256 ac
433 2176 606 2279 ratione,
638 2173 706 2256 sed
745 2205 913 2257 numero
951 2172 1088 2256 distin-

174 2322 321 2408 guum,
342 2329 435 2382 cum
457 2290 682 2383 Aristoteles¹
703 2303 832 2407 idem,
854 2330 973 2416 quem
1004 2301 1086 2384 imi-

171 2449 274 2507 tatur
298 2427 466 2530 ssantes,
501 2431 540 2510 in
574 2427 741 2545 dimidjo
760 2429 868 2512 dicat·
886 2430 984 2512 vitae
1006 2458 1088 2510 non

166 2551 323 2636 differre
356 2584 492 2639 sanum
525 2555 574 2639 ab
605 2557 764 2664 insano,
795 2586 1003 2657 somnum,
1031 2559 1089 2636 in·

169 2711 314 2794 qnam,
354 2685 564 2771 dimidium
600 2687 700 2767 vitae
722 2682 965 2796 significans,
1005 2712 1087 2796 quo

170 2810 239 2889 nisi
263 2808 322 2890 vel
337 2810 565 2896 confirmata
580 2813 814 2925 cogitatione
831 2812 979 2926 peccari
1002 2840 1078 2894 nou

170 3148 309 3217 minciata
323 3149 394 3216 nell’
406 3144 500 3247 et52di
515 3148 568 3218 35.
582 3158 650 3221 anni
663 3182 672 3240 ς
687 3177 734 3221 ma
749 3175 810 3220 non
825 3155 850 3217 si
865 3150 994 3216 avvedea
1009 3146 1079 3231 egli,

169 3244 225 3313 ‘che
241 3250 262 3315 l’
274 3256 412 3341 opinione
427 3252 458 3316 di
470 3266 586 3321 costoro
606 3279 665 3324 non
686 3260 851 3339 distruggea
867 3253 896 3317 la
912 3273 984 3332 sua,
1000 3252 1082 3334 giac-

170 3349 226 3417 ch&
242 3352 272 3418 la
287 3355 440 3420 condanna
454 3353 483 3420 d’
495 3357 580 3422 csilio
594 3359 674 3443 segni
690 3361 719 3424 ai
743 3380 794 3446 27.
820 3357 956 3421 Gennaio
977 3352 1082 3430 1302„

168 3455 232 3519 cio&
247 3457 327 3520 circa
341 3457 398 3520 due
423 3460 493 3521 anni
518 3459 597 3549 dopo
611 3461 625 3527 Ρ
639 3463 663 3527 E
678 3464 708 3525 in
725 3461 819 3548 questi
843 3461 898 3536 due
923 3460 995 3522 anni
1019 3476 1080 3523 non

167 3567 254 3643 potea
269 3556 327 3641 egli
336 3556 434 3620 averle
445 3557 515 3622 dato
537 3561 845 3629 incominciamento?
861 3560 924 3626 οἱοὲ
936 3603 946 3635 ,
959 3558 1015 3625 due
1027 3580 1082 3625 an-

168 3659 200 3720 ni
210 3661 313 3728 avanti
328 3657 350 3725 l'
362 3660 552 3726 intimazione
567 3659 638 3726 dell’
649 3662 756 3730 csilio?
