<?xml version="1.0" encoding="UTF-8"?>
<!DOCTYPE html PUBLIC "-//W3C//DTD XHTML 1.0 Transitional//EN"
    "http://www.w3.org/TR/xhtml1/DTD/xhtml1-transitional.dtd">
<html xmlns="http://www.w3.org/1999/xhtml" xml:lang="en" lang="en">
 <head>
  <title>
</title>
<meta http-equiv="Content-Type" content="text/html;charset=utf-8" />
  <meta name='ocr-system' content='tesseract 3.04.00' />
  <meta name='ocr-capabilities' content='ocr_page ocr_carea ocr_par ocr_line ocrx_word'/>
</head>
<body>
  <div class='ocr_page' id='page_1' title='image "./vitadantisaligh00filegoog_0140.png"; bbox 0 0 3000 4852; ppageno 0'>
   <div class='ocr_carea' id='block_1_1' title="bbox 329 385 1395 1244">
    <p class='ocr_par' dir='ltr' id='par_1_1' title="bbox 402 385 1395 1244">
     <span class='ocr_line' id='line_1_1' title="bbox 464 385 519 468; baseline 0 -34"><span class='ocrx_word' id='word_1_1' title='bbox 464 385 519 468; x_wconf 80' lang='lat'>92</span> 
     </span>
     <span class='ocr_line' id='line_1_2' title="bbox 329 491 1315 647; baseline -0.007 -70.506"><span class='ocrx_word' id='word_1_2' title='bbox 329 492 712 647; x_wconf 76' lang='lat' dir='ltr'>vigilantissimos</span> <span class='ocrx_word' id='word_1_3' title='bbox 728 491 986 576; x_wconf 84' lang='lat' dir='ltr'>foeneratores</span> <span class='ocrx_word' id='word_1_4' title='bbox 1002 516 1202 600; x_wconf 85' lang='lat' dir='ltr'>soporare,</span> <span class='ocrx_word' id='word_1_5' title='bbox 1221 516 1315 572; x_wconf 86' lang='lat' dir='ltr'>curn</span> 
     </span>
     <span class='ocr_line' id='line_1_3' title="bbox 329 587 1315 730; baseline -0.009 -25.36"><span class='ocrx_word' id='word_1_6' title='bbox 329 587 590 730; x_wconf 85' lang='lat' dir='ltr'>Virgilius</span> <span class='ocrx_word' id='word_1_7' title='bbox 624 642 792 730; x_wconf 85' lang='lat' dir='ltr'>pastores</span> <span class='ocrx_word' id='word_1_8' title='bbox 826 617 942 700; x_wconf 87' lang='lat' dir='ltr'>docet</span> <span class='ocrx_word' id='word_1_9' title='bbox 961 640 1132 700; x_wconf 86' lang='lat' dir='ltr'>armenta</span> <span class='ocrx_word' id='word_1_10' title='bbox 1168 614 1315 699; x_wconf 86' lang='lat' dir='ltr'>ducere</span> 
     </span>
     <span class='ocr_line' id='line_1_4' title="bbox 404 743 1395 859; baseline -0.005 -30"><span class='ocrx_word' id='word_1_11' title='bbox 404 743 455 829; x_wconf 91' lang='lat' dir='ltr'>ad</span> <span class='ocrx_word' id='word_1_12' title='bbox 474 746 642 859; x_wconf 91' lang='lat' dir='ltr'>pabula,</span> <span class='ocrx_word' id='word_1_13' title='bbox 660 745 841 858; x_wconf 79' lang='lat' dir='ltr'>agricolas</span> <span class='ocrx_word' id='word_1_14' title='bbox 862 775 1014 851; x_wconf 88' lang='lat' dir='ltr'>serere,-</span> <span class='ocrx_word' id='word_1_15' title='bbox 1047 743 1188 828; x_wconf 86' lang='lat' dir='ltr'>milites</span> <span class='ocrx_word' id='word_1_16' title='bbox 1208 770 1313 826; x_wconf 88' lang='lat' dir='ltr'>arma</span> <span class='ocrx_word' id='word_1_17' title='bbox 1392 789 1395 795; x_wconf 91' lang='lat'>·</span> 
     </span>
     <span class='ocr_line' id='line_1_5' title="bbox 404 874 1315 992; baseline -0.007 -35"><span class='ocrx_word' id='word_1_18' title='bbox 404 898 575 984; x_wconf 88' lang='lat' dir='ltr'>gestare,</span> <span class='ocrx_word' id='word_1_19' title='bbox 595 904 686 992; x_wconf 88' lang='lat' dir='ltr'>cum</span> <span class='ocrx_word' id='word_1_20' title='bbox 703 875 852 962; x_wconf 79' lang='lat' dir='ltr'>mixtim</span> <span class='ocrx_word' id='word_1_21' title='bbox 874 897 912 959; x_wconf 92' lang='lat' dir='ltr'>et</span> <span class='ocrx_word' id='word_1_22' title='bbox 934 874 1235 984; x_wconf 84' lang='lat' dir='ltr'>interponuntur</span> <span class='ocrx_word' id='word_1_23' title='bbox 1254 898 1315 952; x_wconf 90' lang='lat' dir='ltr'>res</span> 
     </span>
     <span class='ocr_line' id='line_1_6' title="bbox 406 996 1319 1113; baseline -0.007 -27"><span class='ocrx_word' id='word_1_24' title='bbox 406 1027 550 1112; x_wconf 86' lang='lat' dir='ltr'>gastae,</span> <span class='ocrx_word' id='word_1_25' title='bbox 569 1028 607 1088; x_wconf 90' lang='lat' dir='ltr'>et</span> <span class='ocrx_word' id='word_1_26' title='bbox 623 1002 790 1087; x_wconf 85' lang='lat' dir='ltr'>mirabili</span> <span class='ocrx_word' id='word_1_27' title='bbox 806 1027 1011 1113; x_wconf 88' lang='lat' dir='ltr'>poetarum</span> <span class='ocrx_word' id='word_1_28' title='bbox 1025 998 1188 1098; x_wconf 81' lang='lat' dir='ltr'>artificio</span> <span class='ocrx_word' id='word_1_29' title='bbox 1201 996 1319 1082; x_wconf 82' lang='lat' dir='ltr'>deco·</span> 
     </span>
     <span class='ocr_line' id='line_1_7' title="bbox 410 1122 1323 1244; baseline -0.009 -32"><span class='ocrx_word' id='word_1_30' title='bbox 410 1160 498 1213; x_wconf 90' lang='lat' dir='ltr'>rum</span> <span class='ocrx_word' id='word_1_31' title='bbox 533 1160 649 1214; x_wconf 86' lang='lat' dir='ltr'>suum</span> <span class='ocrx_word' id='word_1_32' title='bbox 671 1131 815 1244; x_wconf 84' lang='lat' dir='ltr'>cuique</span> <span class='ocrx_word' id='word_1_33' title='bbox 844 1127 1008 1211; x_wconf 73' lang='lat' dir='ltr'>traditur</span> <span class='ocrx_word' id='word_1_34' title='bbox 1028 1129 1097 1222; x_wconf 88' lang='lat' dir='ltr'>rei.</span> <span class='ocrx_word' id='word_1_35' title='bbox 1136 1125 1217 1214; x_wconf 85' lang='lat' dir='ltr'>Sed</span> <span class='ocrx_word' id='word_1_36' title='bbox 1248 1122 1323 1206; x_wconf 87' lang='lat' dir='ltr'>hoc</span> 
     </span>
    </p>
   </div>
   <div class='ocr_carea' id='block_1_2' title="bbox 408 1254 1481 1371">
    <p class='ocr_par' dir='ltr' id='par_1_2' title="bbox 408 1254 1481 1371">
     <span class='ocr_line' id='line_1_8' title="bbox 408 1254 1481 1371; baseline 0 -26"><span class='ocrx_word' id='word_1_37' title='bbox 408 1281 514 1345; x_wconf 82' lang='lat' dir='ltr'>cette</span> <span class='ocrx_word' id='word_1_38' title='bbox 534 1257 814 1367; x_wconf 81' lang='lat' dir='ltr'>admirabilius,</span> <span class='ocrx_word' id='word_1_39' title='bbox 835 1256 947 1371; x_wconf 91' lang='lat' dir='ltr'>quod</span> <span class='ocrx_word' id='word_1_40' title='bbox 967 1278 1048 1355; x_wconf 88' lang='lat' dir='ltr'>uuo</span> <span class='ocrx_word' id='word_1_41' title='bbox 1067 1254 1220 1362; x_wconf 87' lang='lat' dir='ltr'>codice,</span> <span class='ocrx_word' id='word_1_42' title='bbox 1247 1283 1322 1365; x_wconf 77' lang='lat' dir='ltr'>trec¹</span> <span class='ocrx_word' id='word_1_43' title='bbox 1431 1313 1432 1316; x_wconf 17' lang='grc' dir='ltr'><strong><em>κ</em></strong></span> <span class='ocrx_word' id='word_1_44' title='bbox 1478 1346 1481 1353; x_wconf 75' lang='grc'><strong>,</strong></span> 
     </span>
    </p>
   </div>
   <div class='ocr_carea' id='block_1_3' title="bbox 364 1383 1409 3801">
    <p class='ocr_par' dir='ltr' id='par_1_3' title="bbox 364 1383 1409 3801">
     <span class='ocr_line' id='line_1_9' title="bbox 407 1383 1317 1500; baseline -0.009 -29"><span class='ocrx_word' id='word_1_45' title='bbox 407 1383 623 1473; x_wconf 87' lang='lat' dir='ltr'>admodum</span> <span class='ocrx_word' id='word_1_46' title='bbox 646 1385 818 1500; x_wconf 79' lang='lat' dir='ltr'>prolixo,</span> <span class='ocrx_word' id='word_1_47' title='bbox 850 1387 897 1487; x_wconf 86' lang='lat' dir='ltr'>sit</span> <span class='ocrx_word' id='word_1_48' title='bbox 924 1387 1053 1492; x_wconf 77' lang='lat' dir='ltr'>omnia</span> <span class='ocrx_word' id='word_1_49' title='bbox 1074 1383 1317 1496; x_wconf 73' lang='lat' dir='ltr'>diligentissi-</span> 
     </span>
     <span class='ocr_line' id='line_1_10' title="bbox 410 1512 1323 1630; baseline -0.009 -30"><span class='ocrx_word' id='word_1_50' title='bbox 410 1543 474 1611; x_wconf 86' lang='lat' dir='ltr'>me</span> <span class='ocrx_word' id='word_1_51' title='bbox 493 1513 641 1600; x_wconf 77' lang='lat' dir='ltr'>Dentes</span> <span class='ocrx_word' id='word_1_52' title='bbox 674 1512 926 1627; x_wconf 83' lang='lat' dir='ltr'>complexus,</span> <span class='ocrx_word' id='word_1_53' title='bbox 960 1544 1060 1630; x_wconf 88' lang='lat' dir='ltr'>quae</span> <span class='ocrx_word' id='word_1_54' title='bbox 1081 1537 1118 1597; x_wconf 89' lang='lat' dir='ltr'>et</span> <span class='ocrx_word' id='word_1_55' title='bbox 1139 1515 1189 1595; x_wconf 94' lang='lat' dir='ltr'>ad</span> <span class='ocrx_word' id='word_1_56' title='bbox 1209 1512 1323 1615; x_wconf 85' lang='lat' dir='ltr'>bene,</span> 
     </span>
     <span class='ocr_line' id='line_1_11' title="bbox 410 1638 1315 1761; baseline -0.007 -32"><span class='ocrx_word' id='word_1_57' title='bbox 410 1645 603 1761; x_wconf 84' lang='lat' dir='ltr'>beateque</span> <span class='ocrx_word' id='word_1_58' title='bbox 636 1642 854 1728; x_wconf 83' lang='lat' dir='ltr'>vivendum</span> <span class='ocrx_word' id='word_1_59' title='bbox 887 1639 1179 1756; x_wconf 86' lang='lat' dir='ltr'>aphilosopbis</span> <span class='ocrx_word' id='word_1_60' title='bbox 1211 1638 1315 1724; x_wconf 86' lang='lat' dir='ltr'>dicta</span> 
     </span>
     <span class='ocr_line' id='line_1_12' title="bbox 413 1770 1390 1882; baseline -0.008 -25"><span class='ocrx_word' id='word_1_61' title='bbox 413 1796 520 1878; x_wconf 85' lang='lat' dir='ltr'>sunt,</span> <span class='ocrx_word' id='word_1_62' title='bbox 534 1790 572 1858; x_wconf 76' lang='lat' dir='ltr'>et</span> <span class='ocrx_word' id='word_1_63' title='bbox 585 1772 636 1856; x_wconf 93' lang='lat' dir='ltr'>ad</span> <span class='ocrx_word' id='word_1_64' title='bbox 649 1796 916 1859; x_wconf 85' lang='lat' dir='ltr'>aetermtatem</span> <span class='ocrx_word' id='word_1_65' title='bbox 934 1770 1075 1882; x_wconf 76' lang='lat' dir='ltr'>glottae</span> <span class='ocrx_word' id='word_1_66' title='bbox 1089 1799 1315 1882; x_wconf 76' lang='lat' dir='ltr'>consequen</span> <span class='ocrx_word' id='word_1_67' title='bbox 1338 1810 1355 1831; x_wconf 85' lang='lat'><strong>·</strong></span> <span class='ocrx_word' id='word_1_68' title='bbox 1389 1785 1390 1788; x_wconf 69' lang='lat'><em>&#39;</em></span> 
     </span>
     <span class='ocr_line' id='line_1_13' title="bbox 420 1878 1332 2026; baseline -0.01 -39"><span class='ocrx_word' id='word_1_69' title='bbox 420 1900 513 1988; x_wconf 84' lang='lat' dir='ltr'>dam</span> <span class='ocrx_word' id='word_1_70' title='bbox 545 1924 635 1982; x_wconf 85' lang='lat' dir='ltr'>sunt</span> <span class='ocrx_word' id='word_1_71' title='bbox 656 1932 676 1981; x_wconf 93' lang='lat' dir='ltr'>a</span> <span class='ocrx_word' id='word_1_72' title='bbox 697 1878 905 2006; x_wconf 85' lang='lat' dir='ltr'>Tlteologis</span> <span class='ocrx_word' id='word_1_73' title='bbox 925 1899 1125 2026; x_wconf 83' lang='lat' dir='ltr'>explicata.</span> <span class='ocrx_word' id='word_1_74' title='bbox 1159 1893 1332 1981; x_wconf 87' lang='lat' dir='ltr'>Nullum</span> 
     </span>
     <span class='ocr_line' id='line_1_14' title="bbox 376 2016 1336 2134; baseline -0.003 -25"><span class='ocrx_word' id='word_1_75' title='bbox 376 2104 379 2109; x_wconf 86' lang='lat'>.</span> <span class='ocrx_word' id='word_1_76' title='bbox 420 2050 479 2113; x_wconf 87' lang='lat' dir='ltr'>est</span> <span class='ocrx_word' id='word_1_77' title='bbox 498 2026 617 2110; x_wconf 87' lang='lat' dir='ltr'>officii</span> <span class='ocrx_word' id='word_1_78' title='bbox 637 2055 777 2134; x_wconf 86' lang='lat' dir='ltr'>genus,</span> <span class='ocrx_word' id='word_1_79' title='bbox 799 2023 861 2106; x_wconf 87' lang='lat' dir='ltr'>vel</span> <span class='ocrx_word' id='word_1_80' title='bbox 876 2016 1100 2134; x_wconf 80' lang='lat' dir='ltr'>publicum,</span> <span class='ocrx_word' id='word_1_81' title='bbox 1121 2021 1184 2107; x_wconf 89' lang='lat' dir='ltr'>vel</span> <span class='ocrx_word' id='word_1_82' title='bbox 1199 2021 1336 2106; x_wconf 89' lang='lat' dir='ltr'>dome·</span> 
     </span>
     <span class='ocr_line' id='line_1_15' title="bbox 415 2149 1332 2268; baseline -0.007 -26"><span class='ocrx_word' id='word_1_83' title='bbox 415 2154 578 2255; x_wconf 78' lang='lat' dir='ltr'>tticum,</span> <span class='ocrx_word' id='word_1_84' title='bbox 599 2149 660 2234; x_wconf 86' lang='lat' dir='ltr'>vel</span> <span class='ocrx_word' id='word_1_85' title='bbox 678 2149 851 2268; x_wconf 79' lang='lat' dir='ltr'>forense,</span> <span class='ocrx_word' id='word_1_86' title='bbox 870 2150 932 2234; x_wconf 87' lang='lat' dir='ltr'>vel</span> <span class='ocrx_word' id='word_1_87' title='bbox 949 2154 1164 2264; x_wconf 82' lang='lat' dir='ltr'>urbanum,</span> <span class='ocrx_word' id='word_1_88' title='bbox 1183 2152 1313 2237; x_wconf 88' lang='lat' dir='ltr'>vel</span> <span class='ocrx_word' id='word_1_89' title='bbox 1260 2182 1332 2237; x_wconf 91' lang='lat' dir='ltr'>mt-</span> 
     </span>
     <span class='ocr_line' id='line_1_16' title="bbox 419 2280 1409 2399; baseline 0.006 -39"><span class='ocrx_word' id='word_1_90' title='bbox 419 2280 555 2386; x_wconf 85' lang='lat' dir='ltr'>litate,¹</span> <span class='ocrx_word' id='word_1_91' title='bbox 592 2280 643 2365; x_wconf 88' lang='lat' dir='ltr'>de</span> <span class='ocrx_word' id='word_1_92' title='bbox 667 2281 760 2395; x_wconf 87' lang='lat' dir='ltr'>quo</span> <span class='ocrx_word' id='word_1_93' title='bbox 792 2311 872 2372; x_wconf 85' lang='lat' dir='ltr'>uon</span> <span class='ocrx_word' id='word_1_94' title='bbox 893 2281 1051 2366; x_wconf 88' lang='lat' dir='ltr'>abundo</span> <span class='ocrx_word' id='word_1_95' title='bbox 1072 2285 1332 2398; x_wconf 88' lang='lat' dir='ltr'>praecipiatur</span> <span class='ocrx_word' id='word_1_96' title='bbox 1407 2395 1409 2399; x_wconf 63' lang='lat'>,</span> 
     </span>
     <span class='ocr_line' id='line_1_17' title="bbox 415 2406 1344 2522; baseline 0.003 -31"><span class='ocrx_word' id='word_1_97' title='bbox 415 2409 522 2522; x_wconf 87' lang='lat' dir='ltr'>apud</span> <span class='ocrx_word' id='word_1_98' title='bbox 537 2411 718 2494; x_wconf 84' lang='lat' dir='ltr'>Dantem</span> <span class='ocrx_word' id='word_1_99' title='bbox 733 2406 810 2494; x_wconf 87' lang='lat' dir='ltr'>Hto</span> <span class='ocrx_word' id='word_1_100' title='bbox 823 2433 862 2493; x_wconf 89' lang='lat' dir='ltr'>et</span> <span class='ocrx_word' id='word_1_101' title='bbox 876 2408 1174 2496; x_wconf 83' lang='lat' dir='ltr'>Infernumesse</span> <span class='ocrx_word' id='word_1_102' title='bbox 1189 2409 1344 2516; x_wconf 84' lang='lat' dir='ltr'>sutens,&#39;</span> 
     </span>
     <span class='ocr_line' id='line_1_18' title="bbox 394 2518 1339 2657; baseline 0.004 -39"><span class='ocrx_word' id='word_1_103' title='bbox 394 2538 620 2657; x_wconf 75' lang='lat' dir='ltr'>inquiente</span> <span class='ocrx_word' id='word_1_104' title='bbox 641 2518 758 2622; x_wconf 86' lang='lat' dir='ltr'>lsaia:</span> <span class='ocrx_word' id='word_1_105' title='bbox 765 2538 975 2654; x_wconf 71' lang='lat' dir='ltr'>dilatravit</span> <span class='ocrx_word' id='word_1_106' title='bbox 1008 2522 1202 2647; x_wconf 78' lang='lat' dir='ltr'>infernus</span> <span class='ocrx_word' id='word_1_107' title='bbox 1235 2526 1339 2625; x_wconf 54' lang='lat' dir='ltr'>artri</span> 
     </span>
     <span class='ocr_line' id='line_1_19' title="bbox 417 2667 1331 2780; baseline 0.003 -32"><span class='ocrx_word' id='word_1_108' title='bbox 417 2696 531 2762; x_wconf 78' lang='lat' dir='ltr'>mam</span> <span class='ocrx_word' id='word_1_109' title='bbox 545 2695 690 2771; x_wconf 79' lang='lat' dir='ltr'>stram,</span> <span class='ocrx_word' id='word_1_110' title='bbox 712 2685 753 2752; x_wconf 86' lang='lat' dir='ltr'>et</span> <span class='ocrx_word' id='word_1_111' title='bbox 772 2675 935 2776; x_wconf 78' lang='lat' dir='ltr'>aparuit</span> <span class='ocrx_word' id='word_1_112' title='bbox 958 2697 1163 2775; x_wconf 81' lang='lat' dir='ltr'>ossuum,</span> <span class='ocrx_word' id='word_1_113' title='bbox 1182 2667 1331 2780; x_wconf 87' lang='lat' dir='ltr'>absque</span> 
     </span>
     <span class='ocr_line' id='line_1_20' title="bbox 403 2790 1329 2908; baseline 0 -32"><span class='ocrx_word' id='word_1_114' title='bbox 403 2790 499 2903; x_wconf 70' lang='lat' dir='ltr'>⁸ullo</span> <span class='ocrx_word' id='word_1_115' title='bbox 514 2793 680 2893; x_wconf 83' lang='lat' dir='ltr'>termino</span> <span class='ocrx_word' id='word_1_116' title='bbox 699 2790 905 2908; x_wconf 68' lang='lat' dir='ltr'>descripsit</span> <span class='ocrx_word' id='word_1_117' title='bbox 918 2896 923 2900; x_wconf 82' lang='lat'><em>.</em></span> <span class='ocrx_word' id='word_1_118' title='bbox 936 2826 1055 2900; x_wconf 89' lang='lat' dir='ltr'>eum,</span> <span class='ocrx_word' id='word_1_119' title='bbox 1077 2818 1120 2877; x_wconf 91' lang='lat' dir='ltr'>ut</span> <span class='ocrx_word' id='word_1_120' title='bbox 1155 2794 1329 2905; x_wconf 86' lang='lat' dir='ltr'>primum</span> 
     </span>
     <span class='ocr_line' id='line_1_21' title="bbox 364 2913 1333 3033; baseline 0.001 -30"><span class='ocrx_word' id='word_1_121' title='bbox 364 2939 367 2945; x_wconf 83' lang='grc'><em>“</em></span> <span class='ocrx_word' id='word_1_122' title='bbox 416 2920 590 3022; x_wconf 75' lang='lat' dir='ltr'>terreret</span> <span class='ocrx_word' id='word_1_123' title='bbox 609 2917 824 3028; x_wconf 9' lang='lat' dir='ltr'>hominesne</span> <span class='ocrx_word' id='word_1_124' title='bbox 846 2923 1038 3033; x_wconf 86' lang='lat' dir='ltr'>peccatis,</span> <span class='ocrx_word' id='word_1_125' title='bbox 1070 2951 1163 3006; x_wconf 87' lang='lat' dir='ltr'>com</span> <span class='ocrx_word' id='word_1_126' title='bbox 1196 2913 1333 3032; x_wconf 86' lang='lat' dir='ltr'>legerit</span> 
     </span>
     <span class='ocr_line' id='line_1_22' title="bbox 417 3035 1335 3164; baseline 0.005 -36"><span class='ocrx_word' id='word_1_127' title='bbox 417 3035 691 3161; x_wconf 71' lang='lat' dir='ltr'>propheticum</span> <span class='ocrx_word' id='word_1_128' title='bbox 712 3045 831 3131; x_wconf 83' lang='lat' dir='ltr'>illud:</span> <span class='ocrx_word' id='word_1_129' title='bbox 854 3055 1024 3134; x_wconf 81' lang='lat' dir='ltr'>initium</span> <span class='ocrx_word' id='word_1_130' title='bbox 1039 3040 1269 3164; x_wconf 59' lang='lat' dir='ltr'>sapietatiae</span> <span class='ocrx_word' id='word_1_131' title='bbox 1283 3056 1335 3133; x_wconf 80' lang='lat' dir='ltr'>ti-</span> 
     </span>
     <span class='ocr_line' id='line_1_23' title="bbox 419 3176 1363 3294; baseline -0.006 -30"><span class='ocrx_word' id='word_1_132' title='bbox 419 3177 724 3282; x_wconf 80' lang='lat' dir='ltr'>morDomint&#39;,</span> <span class='ocrx_word' id='word_1_133' title='bbox 747 3204 819 3261; x_wconf 86' lang='lat' dir='ltr'>uec</span> <span class='ocrx_word' id='word_1_134' title='bbox 839 3205 930 3258; x_wconf 85' lang='lat' dir='ltr'>eum</span> <span class='ocrx_word' id='word_1_135' title='bbox 947 3176 1085 3266; x_wconf 86' lang='lat' dir='ltr'>latebat</span> <span class='ocrx_word' id='word_1_136' title='bbox 1099 3177 1210 3294; x_wconf 89' lang='lat' dir='ltr'>quod</span> <span class='ocrx_word' id='word_1_137' title='bbox 1225 3181 1332 3286; x_wconf 79' lang='lat' dir='ltr'>apud</span> <span class='ocrx_word' id='word_1_138' title='bbox 1357 3184 1363 3197; x_wconf 78' lang='lat'>&#39;</span> 
     </span>
     <span class='ocr_line' id='line_1_24' title="bbox 414 3298 1334 3413; baseline 0.004 -29.017"><span class='ocrx_word' id='word_1_139' title='bbox 414 3302 622 3405; x_wconf 81' lang='lat' dir='ltr'>Maronem</span> <span class='ocrx_word' id='word_1_140' title='bbox 643 3298 810 3413; x_wconf 80' lang='lat' dir='ltr'>legitur:</span> <span class='ocrx_word' id='word_1_141' title='bbox 837 3305 1045 3409; x_wconf 84' lang='lat' dir='ltr'>inserui</span> <span class='ocrx_word' id='word_1_142' title='bbox 1030 3339 1155 3390; x_wconf 81' lang='lat' dir='ltr'>rantra</span> <span class='ocrx_word' id='word_1_143' title='bbox 1189 3310 1334 3408; x_wconf 73' lang='lat' dir='ltr'>Diris,</span> 
     </span>
     <span class='ocr_line' id='line_1_25' title="bbox 421 3427 1336 3544; baseline 0.008 -36"><span class='ocrx_word' id='word_1_144' title='bbox 421 3456 493 3510; x_wconf 88' lang='lat' dir='ltr'>nec</span> <span class='ocrx_word' id='word_1_145' title='bbox 513 3427 623 3541; x_wconf 83' lang='lat' dir='ltr'>quod</span> <span class='ocrx_word' id='word_1_146' title='bbox 641 3429 736 3511; x_wconf 93' lang='lat' dir='ltr'>lob</span> <span class='ocrx_word' id='word_1_147' title='bbox 725 3433 874 3544; x_wconf 82' lang='lat' dir='ltr'>tnqttlt:</span> <span class='ocrx_word' id='word_1_148' title='bbox 898 3439 943 3514; x_wconf 84' lang='lat' dir='ltr'>iu</span> <span class='ocrx_word' id='word_1_149' title='bbox 959 3431 1336 3542; x_wconf 60' lang='lat' dir='ltr'>prffundissimum</span> 
     </span>
     <span class='ocr_line' id='line_1_26' title="bbox 422 3556 1336 3648; baseline 0.007 -12"><span class='ocrx_word' id='word_1_150' title='bbox 422 3557 638 3645; x_wconf 78' lang='lat' dir='ltr'>infernum</span> <span class='ocrx_word' id='word_1_151' title='bbox 679 3556 896 3644; x_wconf 80' lang='lat' dir='ltr'>descendit</span> <span class='ocrx_word' id='word_1_152' title='bbox 938 3592 1081 3646; x_wconf 70' lang='lat' dir='ltr'>artemo</span> <span class='ocrx_word' id='word_1_153' title='bbox 1117 3595 1234 3648; x_wconf 82' lang='lat' dir='ltr'>meo</span> <span class='ocrx_word' id='word_1_154' title='bbox 1271 3565 1336 3642; x_wconf 75' lang='lat' dir='ltr'>Aa</span> 
     </span>
     <span class='ocr_line' id='line_1_27' title="bbox 429 3681 1341 3801; baseline 0.008 -36"><span class='ocrx_word' id='word_1_155' title='bbox 429 3681 524 3778; x_wconf 73' lang='lat' dir='ltr'>baeu</span> <span class='ocrx_word' id='word_1_156' title='bbox 564 3708 695 3770; x_wconf 86' lang='lat' dir='ltr'>autem</span> <span class='ocrx_word' id='word_1_157' title='bbox 736 3685 876 3800; x_wconf 84' lang='lat' dir='ltr'>triplex</span> <span class='ocrx_word' id='word_1_158' title='bbox 908 3721 989 3774; x_wconf 83' lang='lat' dir='ltr'>esse</span> <span class='ocrx_word' id='word_1_159' title='bbox 1024 3692 1162 3775; x_wconf 81' lang='lat' dir='ltr'>inserui</span> <span class='ocrx_word' id='word_1_160' title='bbox 1198 3691 1341 3801; x_wconf 81' lang='lat' dir='ltr'>legerat</span> 
     </span>
    </p>
   </div>
   <div class='ocr_carea' id='block_1_4' title="bbox 0 0 1516 4852">
    <p class='ocr_par' dir='ltr' id='par_1_4' title="bbox 0 0 1516 4852">
     <span class='ocr_line' id='line_1_28' title="bbox 0 0 1516 4852; baseline 0 0"><span class='ocrx_word' id='word_1_161' title='bbox 0 0 1516 4852; x_wconf 95' lang='lat' dir='ltr'> </span> 
     </span>
    </p>
   </div>
  </div>
 </body>
</html>
