3000 4852
315 575 397 645 torn
413 583 505 638 cum
520 545 737 644 Florentiae
760 545 946 656 coepisset
965 573 1105 657 nauare
1121 579 1216 669 ομ,

309 711 392 766 ram
410 682 486 763 iuri
506 677 609 762 civili
626 743 637 782 ,
663 672 808 759 deinde
829 675 975 783 Senae,
1007 677 1206 775 Bononiae

307 811 472 892 domum
491 806 667 893 studium
688 801 934 914 explevisset,
952 829 1129 923 essetque
1151 808 1212 895 iu·

305 936 548 1022 reconsultus
562 935 739 1037 effectus,
759 931 1063 1051 doctoratusque
1083 935 1207 1053 donia

305 1092 368 1150 tus
387 1065 633 1178 insignibus,
653 1061 818 1167 assidue,
839 1060 935 1144 dnm
958 1087 1067 1176 pater
1087 1065 1211 1175 vixit,

302 1221 395 1276 enm
427 1217 586 1278 secutus
605 1216 661 1275 est
694 1190 959 1302 pientissime„
974 1193 1066 1286 Post
1087 1195 1202 1310 patris

300 1319 482 1428 obitum,
506 1323 558 1410 de
576 1353 661 1437 quo
681 1350 760 1403 nou
780 1315 908 1411 multo
927 1317 1080 1417 dicetur
1099 1321 1198 1411 infe·

297 1453 404 1559 rius,
423 1451 578 1535 dimissa
595 1452 793 1552 Ravenna,
811 1448 852 1529 .V
852 1476 1020 1545 oronam,
1031 1452 1201 1557 accessit,

295 1603 447 1673 etcum
466 1578 689 1663 assiduitate
711 1571 982 1680 consultandi,
1008 1600 1095 1661 tum
1113 1576 1201 1664 seti-

294 1708 407 1801 citate
426 1707 568 1819 patriae
591 1708 799 1789 memoriae
815 1701 1069 1810 ,multorum
1089 1707 1204 1794 adiu·

295 1842 434 1919 mentis
454 1832 671 1916 ditissimus
690 1832 814 1915 factus
834 1858 921 1942 est,
954 1836 1199 1951 incoluitque

295 1960 492 2045 Veronam
505 1955 524 2068 (
534 1954 584 2068 ι).
600 1959 724 2042 Exeo
738 1981 848 2041 natus
864 1984 922 2041 est
937 1950 1113 2067 lacobus,
1132 1964 1203 2074 qui

288 2274 352 2354 dice
367 2288 388 2353 ii
403 2284 518 2366 Filelfo,
529 2288 697 2352 commento
713 2288 742 2355 ia
757 2292 852 2379 prima
862 2289 994 2355 Cantica
1004 2287 1083 2355 della
1099 2286 1191 2357 Com·

288 2393 385 2462 media
395 2391 445 2456 d'el
461 2390 576 2456 Padre.

324 2494 373 2585 (a)
388 2494 467 2561 Mori
482 2494 579 2560 Pietro
593 2497 626 2558 in
641 2494 782 2573 Treviso,
811 2494 860 2559 ov'
870 2495 928 2579 egli
957 2515 1008 2581 per
1037 2499 1099 2561 suoi
1128 2499 1192 2583 psi-

285 2599 349 2663 vati
362 2593 451 2663 affari
464 2598 538 2660 erasi
553 2608 672 2684 portato
696 2596 747 2660 nel
776 2592 882 2680 1364,
896 2619 913 2659 e
927 2598 970 2660 iri
984 2597 1015 2658 in
1031 2616 1070 2658 un
1085 2595 1186 2660 nobile

284 2702 424 2789 Deposito
439 2696 584 2763 tumulato
598 2698 678 2762 nella
692 2697 796 2764 Chiesa
825 2699 856 2763 di
878 2698 909 2762 S.
939 2697 1075 2763 Caterina
1102 2697 1181 2765 eolla

271 2817 275 2832 ·
288 2810 425 2882 seguente
437 2801 560 2862 metrica
573 2799 726 2864 iscrizione
741 2820 749 2858 :

277 2899 451 2967 Clauditur
466 2896 518 2963 tu
532 2894 655 2964 Petrus
669 2898 846 2965 tumulatus
860 2919 993 2988 corpore
1008 2911 1113 2966 tetrus
1128 2946 1139 2978 ‚

316 3005 384 3072 Ast
399 3000 619 3087 anima'clare
634 2999 767 3067 coelesti
772 3001 889 3092 fulget
905 3003 940 3066 t'u
954 3022 1039 3065 uro:

318 3103 407 3173 Nom
418 3106 515 3195 pius,
530 3116 563 3168 et
577 3103 682 3166 iustus
696 3103 909 3192 iuvenisfuit,
922 3115 1020 3191 atque
1037 3113 1202 3181 venustus,

315 3207 369 3271 Ac
384 3209 503 3270 iniere
517 3225 637 3294 quoque
651 3201 747 3267 simut
764 3202 840 3268 iude
850 3203 978 3292 peritus
992 3216 1128 3293 utroque

316 3304 442 3370 Extitit
456 3316 609 3388 expertus
625 3302 757 3367 multum
773 3306 974 3394 scriptisque
990 3305 1139 3396 refertus
1151 3348 1170 3386 ,s

317 3411 365 3482 Vt
379 3408 498 3474 librum
523 3404 640 3470 Patris
656 3406 763 3487 coreis
778 3408 923 3494 aperiret
937 3408 974 3472 iu
989 3409 1108 3484 atris„
1150 3456 1152 3462 a

321 3512 400 3577 Cum
413 3512 541 3600 genitus
557 3506 796 3600 Dantissuerit
811 3530 907 3597 super
922 3522 1017 3575 ostra
1033 3510 1175 3579 voluntis

320 3611 471 3679 Carmine
485 3624 631 3677 materno
644 3612 780 3688 decurso
793 3631 930 3701 prorsus
937 3611 1070 3678 Averno

320 3718 491 3803 Menteque
503 3728 686 3803 purgatus,
700 3718 808 3791 aromo
822 3715 986 3783 revelante
1000 3715 1112 3782 beatus
1199 3776 1202 3781 .

323 3816 395 3902 Quo
408 3836 487 3883 turre
501 3815 572 3908 dire
586 3815 706 3901 gaudet
720 3813 889 3884 Florentio
904 3816 992 3885 rire.
