3000 4852
207 483 578 571 curabantScenicas
598 488 703 568 aiunt
719 484 979 578 meretriculas
992 519 1011 571 a
1026 489 1117 573 Phi-

205 592 377 724 losophia
394 617 519 696 dictas
548 640 745 721 poetarum
768 615 898 698 Muses
918 617 1022 727 apud
1042 617 1117 699 Bo.

204 741 355 850 etium,
384 743 520 827 iisdem
543 732 665 825 Musis
695 770 854 854 possunt
873 746 987 828 etiam
1009 745 1117 828 abuti

207 895 356 968 scenae,
374 895 413 952 et
435 901 495 951 eas
518 871 776 953 meretriculas
797 871 959 955 reddere
976 899 1017 958 ut
1038 873 1117 985 glu-

204 994 403 1120 dius‚jqu-i
423 995 659 1097 defensionis
679 1000 795 1107 gratia
815 1025 872 1085 est
906 1002 1113 1107 inventus,

205 1120 388 1208 interficit
405 1137 683 1239 nunnunquam
701 1125 912 1230 homiuem,
927 1158 1047 1242 quem
1062 1129 1116 1212 lu.

207 1277 261 1361 rat
295 1254 496 1338 seditiosus
517 1259 555 1335 in
594 1285 733 1339 manu.
770 1257 819 1340 At
852 1257 1118 1369 Hieronymus

205 1379 458 1482 diabolicum
478 1416 566 1469 aare
585 1386 727 1465 cibum
750 1405 904 1492 poetam
918 1381 1027 1471 dixit.
1042 1387 1126 1471 Ni·

207 1507 345 1593 dentur
365 1512 601 1623 Hieronymi
622 1510 859 1615 similitud0,
885 1515 954 1626 qui
977 1513 1112 1599 mulie·
1183 1581 1185 1583 >

206 1664 305 1743 rem,
319 1639 461 1753 iuquit,
474 1641 503 1721 si
523 1641 717 1744 tondatur,
729 1641 759 1739 si
772 1640 945 1723 abscidat
961 1657 1119 1753 unguet,

209 1792 321 1880 posse
343 1770 489 1851 nubere
512 1771 595 1850 viru
618 1768 738 1872 bonu,
772 1770 916 1883 quippe
935 1770 1005 1882 qui
1029 1797 1119 1876 poc·

212 1894 340 1996 ticam,
376 1899 548 2007 deposita
574 1899 741 2010 quadam
762 1896 997 2008 antiquitatis
1018 1896 1118 2006 circs
1171 1904 1181 1921 ⁰

193 2019 432 2130 religionem
446 2029 624 2128 vanitate,
638 2056 681 2107 ac
695 2017 886 2134 rubigine,
901 2021 992 2105 velit
1008 2052 1119 2134 possa

210 2173 313 2233 recte
327 2177 417 2246 oum¹
433 2155 543 2238 bouis
563 2156 665 2237 coire
686 2153 889 2238 bominum
911 2153 1120 2237 mentibus.

215 2276 406 2361 Videatur
420 2281 462 2362 id
477 2282 624 2391 potius,
644 2282 750 2364 uude
766 2283 952 2392 originem
968 2280 1124 2365 traxerit

214 2408 376 2515 poetica:
391 2436 480 2487 cum
497 2409 609 2515 prisci
623 2408 813 2517 religionis
826 2411 1140 2517 auctores,inter,

209 2533 430 2644 prophetas,
444 2534 593 2617 futuros
610 2535 784 2620 dicerent
798 2559 959 2621 eventus
978 2552 1122 2645 rerunt,

209 2663 447 2746 carminibus
462 2663 781 2770 vaticinabantur,
803 2687 842 2745 ut
855 2661 989 2746 durior
1005 2662 1122 2745 iuter-

208 2795 375 2901 pretatio
395 2794 570 2876 suaviore
592 2816 707 2874 cautu
727 2790 915 2876 mulceret
934 2820 1121 2902 aurespu»
1170 2891 1173 2896 1

209 2917 302 3024 puli.
324 2919 421 3003 lude
443 2920 689 3024 factumest,
720 2946 761 3003 ut
782 2922 807 2999 ii
830 2919 945 3030 primi
977 2916 1122 3006 fuerint

213 3045 289 3136 Dei
309 3051 461 3130 monitu
485 3068 640 3158 poetae,
664 3078 756 3157 curn
775 3067 906 3140 autem
936 3039 1121 3127 sacrificia

216 3176 256 3255 in
280 3205 391 3258 usum
412 3178 732 3280 traducerentur,
753 3199 796 3258 ut
818 3173 998 3282 mysteria
1032 3170 1121 3254 reli·

134 3406 136 3409 ι
216 3302 339 3414 gioois
379 3307 563 3387 maiorem
598 3305 783 3388 habereut
818 3299 1122 3404 venerationem,

215 3460 395 3514 numeros
409 3435 666 3538 inseruerunt,
688 3430 888 3544 pontifices
903 3430 1125 3534 vocibus,et

216 3559 371 3666 psalmis
390 3584 688 3667 composuerunt
709 3556 861 3661 officia,
886 3587 985 3670 quae
1008 3555 1143 3666 magis¹

218 3687 414 3772 auditores
434 3687 650 3770 delinirent.
672 3687 836 3797 Factum
856 3710 911 3769 est
934 3687 1063 3796 igitur,
1086 3707 1131 3769 ut
