3000 4852
1086 385 1130 435 ar

291 487 531 609 adfuerunt.
553 487 678 573 Multa
694 487 818 573 soient
832 493 1038 576 exercendi
1063 493 1202 602 ingenii

292 620 413 728 gratia
427 613 546 723 fieri,
566 647 666 732 quae
692 616 839 717 nuliam
866 618 1053 713 admisere
1073 619 1203 702 libidi-

292 774 406 831 nem.
421 744 510 828 Hoc
532 749 663 828 verius
682 770 954 852 argumentum
977 745 1086 862 qnod
1108 775 1199 829 curn

290 899 373 981 troo
392 873 520 957 Dante
541 904 657 955 nemo
670 874 788 957 fuerit
802 874 1079 986 incorruptior,
1091 898 1128 955 et
1143 875 1200 953 in·

289 1000 503 1104 nocentior,
518 1032 634 1085 nemo
651 1002 896 1106 moderatior,
910 1006 1099 1115 possimus
1121 1031 1198 1082 ma·

286 1124 427 1208 niiesto
453 1127 686 1233 coniectari,
707 1129 825 1220 soiius
845 1129 951 1213 hano
973 1128 1127 1211 virtutis
1155 1157 1198 1207 at·

227 1301 230 1306 -
284 1247 490 1345 honestatis
510 1256 679 1337 amicum
702 1258 878 1340 extitisse.
899 1255 990 1342 Non
1006 1257 1109 1338 enirn
1125 1255 1193 1365 qni

281 1379 568 1465 sibisommum
589 1385 738 1466 bonum
753 1383 927 1494 iri-gioria
948 1387 1199 1468 constituunt

284 1506 508 1614 immortaii,
528 1510 744 1622 voiuptates
766 1510 994 1623 praeficiunt
1008 1511 1196 1611 dominas,
1256 1603 1260 1610 .

286 1663 739 1756 quassaquantur,quae
760 1643 807 1722 ad
829 1642 1030 1722 interituin
1046 1670 1114 1721 nos
1129 1638 1196 1717 tie·
1232 1741 1235 1748 Ι

290 1763 469 1871 ducunt.
490 1766 567 1851 Sed
591 1791 634 1850 ut
656 1771 685 1849 si
706 1770 796 1883 quis
828 1768 958 1850 ebrius
977 1799 1020 1848 ea
1041 1768 1197 1847 senserit

289 1919 390 2004 quae
404 1890 505 1975 diota
525 1919 616 1976 sont
639 1900 821 2006 mystice,
844 1897 963 1978 bibite
979 1919 1017 1974 et
1034 1893 1199 1974 inebria·

288 2020 396 2126 mini,
417 2044 457 2117 et
476 2019 635 2123 cadetis,
650 2048 688 2104 et
705 2026 882 2124 vomeris,
902 2023 1121 2105 secundnm
1144 2021 1200 2099 vi·
1236 2088 1239 2095 .

289 2148 327 2245 rai
349 2151 579 2231 suavitatem
596 2149 913 2259 interpretabitur
928 2152 1013 2258 3ita
1029 2145 1198 2231 Bocche·

283 2274 366 2356 eius
385 2278 598 2358 amantium
620 2280 797 2387 princeps
818 2278 1198 2375 Beatrioisanaorern,

289 2400 474 2505 virtutis,
508 2400 696 2512 inquam,
716 2435 759 2487 ac
782 2404 1038 2503 beatitutiiais
1059 2406 1198 2484 iacun*

284 2523 470 2629 ditatam,
489 2532 709 2613 secundant
731 2532 854 2612 carnis
877 2530 1116 2638 voinptatetn
1136 2530 1192 2606 in·

284 2651 448 2768 dicavit(
456 2655 633 2773 1).Recte
649 2661 765 2770 igitur
780 2659 891 2742 iliud:
905 2681 1066 2740 tractant
1083 2655 1196 2737 saba-is

301 3010 372 3099 ¹j(r)
386 3011 443 3075 Dei
459 3012 607 3096 preeitato
621 3019 722 3071 strano
749 3027 871 3094 parere,
903 3010 965 3072 cini
981 3054 990 3084 ,
1005 3005 1060 3072 aire
1076 3004 1103 3067 ia
1121 3003 1192 3065 Baa-

279 3111 354 3175 trice
381 3112 551 3186 Portinati,
580 3121 666 3173 tanto
689 3108 842 3199 'celebrata
866 3110 903 3175 da
928 3111 1075 3182 Dantem
1107 3114 1192 3165 tanto

280 3213 320 3277 tia
333 3212 375 3279 lui
390 3226 512 3290 emata,
522 3210 658 3291 fosseta,
675 3234 769 3277 estere
784 3210 964 3285 fantastica,
995 3207 1026 3282 fn
1055 3205 1189 3268 eziantiio

278 3313 379 3393 Antan
396 3315 492 3377 Maria
508 3312 635 3377 Biscioai
649 3310 817 3385 canonico.
834 3311 970 3375 aittonde
986 3307 1183 3371 celebratissi-

280 3435 349 3494 ma,
363 3417 510 3507 diquesta
524 3413 607 3501 Ιιιιρ.Ι
618 3414 741 3479 Basilina
753 3418 782 3478 di
800 3416 829 3481 S.
840 3416 989 3486 Lattara,
1007 3407 1194 3473 rnaniiestato

280 3515 357 3600 aelia
374 3513 716 3595 Prefazioneaiie-Prose
732 3517 762 3576 tii
773 3517 872 3577 'Dante
887 3559 895 3587 ,
911 3536 925 3572 a
942 3511 987 3572 ‹lei
1006 3508 1196 3571 Boccarcioa

277 3639 353 3706 pag.
367 3640 435 3706 7.,e
451 3640 554 3706 segg„
569 3601 589 3681 e*
601 3618 678 3682 nelle
696 3619 882 3682 annotationi
898 3615 955 3678 alia
977 3614 1056 3677 Vna
1073 3635 1189 3687 artavo,

204 3731 208 3737 ·
283 3739 299 3779 e
315 3732 416 3805 questo
428 3740 481 3783 suo
491 3741 593 3806 parere
606 3743 665 3786 non
678 3717 785 3784 maneti
797 3718 826 3781 di
839 3716 1013 3780 avralorare
1029 3737 1084 3808 eon
1100 3714 1197 3798 qualia
